3536 5068
596 1102 668 1185 Du
698 1100 880 1188 uultus
910 1099 1250 1190 SOPHOOLEIS.

329 1671 400 1730 Iam
433 1683 507 1743 qua
527 1669 651 1728 ratione
683 1668 855 1741 Sophocles
888 1670 949 1728 sibi
977 1669 1091 1729 Furias
1114 1669 1348 1745 informaverit,
1374 1670 1450 1742 quid
1472 1670 1556 1729 inter

286 1785 355 1844 eius
385 1786 418 1844 et
437 1781 590 1855 Aeschyli
609 1781 775 1855 opiniones
795 1782 1006 1855 notionesque
1025 1783 1163 1858 intersit,
1192 1784 1434 1843 monstraturus
1453 1784 1556 1857 primo

286 1897 458 1958 nonnullos
478 1897 612 1956 afferam
637 1896 736 1968 locoS,
764 1896 817 1955 ubi
845 1911 952 1970 nemu,
978 1897 1054 1970 quin
1076 1897 1164 1956 vocis
1182 1888 1317 1973 Ἐρινύος
1338 1911 1469 1969 prorsus
1494 1896 1558 1955 alia

287 2012 370 2085 apud
394 2013 523 2085 poetam
547 2012 694 2070 nostrum
720 2010 764 2068 sit
788 2010 838 2068 vis
861 2011 958 2083 atque
982 2012 1138 2086 potestaS,
1161 2010 1308 2070 dubitare
1332 2011 1443 2084 possit.

332 2126 370 2184 In
401 2124 580 2185 Trachiniis
611 2122 768 2182 Hercules
795 2123 872 2182 dum
897 2125 1024 2183 acribus
1048 2125 1209 2184 cruciatur
1232 2124 1394 2184 doloribus
1419 2125 1558 2183 mortem

288 2254 352 2299 non
387 2239 480 2310 longe
512 2238 625 2296 abesse
655 2236 800 2295 sentiens
832 2237 1040 2313 palliumque,
1076 2239 1159 2310 quod
1192 2252 1272 2296 uxor
1303 2237 1453 2296 Deianira
1487 2238 1558 2296 sine

289 2352 400 2412 fraude
423 2350 475 2410 vel
500 2351 585 2410 malo
610 2349 743 2410 consilio
767 2350 796 2409 ei
821 2350 965 2424 miserat,
990 2352 1106 2410 mortis
1126 2365 1259 2410 causam
1280 2350 1347 2410 fore
1367 2350 1559 2424 intellegens

290 2467 394 2525 vitam
430 2479 524 2524 suam
549 2463 755 2536 conqueritur
777 2462 970 2524 laboriosam
999 2467 1033 2524 et
1055 2464 1279 2541 periculosam,
1303 2465 1337 2524 in
1361 2480 1424 2539 qua
1447 2468 1558 2525 tamen

290 2594 456 2652 nunquam
487 2578 574 2638 Iovis
605 2593 687 2638 uxor
715 2577 766 2637 vel
797 2593 855 2638 rex
885 2577 1088 2652 Eurystheus
1119 2579 1181 2638 sibi
1209 2577 1274 2638 tale
1306 2579 1477 2651 quicquam
1501 2578 1557 2637 irn-

290 2693 435 2768 posuerit

601 2796 666 2864 οἷον
689 2798 750 2863 τόδ’
777 2799 796 2880 ἡ
821 2803 948 2875 loteng
975 2800 1086 2876 Οἰνέως
1109 2803 1183 2883 κόρη

601 2923 744 2994 καθῆψεν
768 2916 858 2994 ὤμοις
881 2922 941 2988 τοῖς
965 2914 1045 2995 ἐμοῖς
1068 2916 1194 2996 ἐρινύων

602 3029 738 3107 ὑφαντὸν
762 3028 996 3109 ἀμφίβληστρον,
1019 3025 1042 3115 ᾧ
1067 3031 1228 3107 διόλλυμαι.
1304 3031 1426 3102 (Trach.
1455 3033 1560 3102 1050).

335 3149 440 3209 Verba
460 3149 536 3207 sunt
556 3148 680 3222 eadem,
701 3161 783 3219 quae
804 3146 887 3220 apud
908 3147 1106 3220 Aeschylum
1128 3148 1253 3220 (Agam.
1278 3146 1372 3216 1580)
1386 3146 1562 3218 Aegisthus

292 3264 386 3337 dicit;
411 3263 553 3323 etiamne
576 3262 717 3320 sensus?
746 3293 782 3304 -
806 3260 876 3320 Non
901 3262 961 3337 est,
987 3261 1070 3333 quod
1095 3276 1255 3333 rogemus
1277 3261 1384 3333 Longe
1404 3261 1506 3336 abest,
1527 3262 1563 3320 ut

292 3376 448 3438 Hercules
472 3374 644 3466 contendat
668 3389 703 3433 se
728 3373 869 3433 debitam
898 3373 986 3434 luere
1009 3389 1157 3450 poenam,
1181 3374 1220 3434 ob
1244 3375 1376 3435 caedem
1399 3374 1562 3447 quandam

293 3490 370 3551 olim
395 3490 607 3550 commissam
631 3503 716 3548 nunc
739 3488 854 3563 puniri,
878 3487 983 3546 Furiis
1007 3503 1079 3547 esse
1103 3487 1267 3564 devotum,
1291 3502 1372 3562 quae
1395 3503 1415 3548 a
1435 3488 1564 3546 mortuo

292 3603 443 3677 quopiam
466 3603 588 3662 nefarie
611 3601 806 3676 interempto
830 3601 869 3660 ad
895 3601 1121 3660 vindicandum
1146 3602 1315 3662 invocatae
1339 3602 1413 3662 sint.
1437 3602 1470 3662 Si
1491 3602 1564 3674 quis

293 3717 457 3777 contendit
475 3716 617 3775 Nessum
637 3716 782 3774 muneris
802 3716 896 3774 missi
916 3730 988 3774 esse
1009 3716 1185 3788 auctorem,
1207 3715 1363 3788 illumque
1378 3731 1434 3790 per
1449 3715 1563 3774 Furias

293 3831 450 3890 ultionem
470 3833 589 3903 petere,
609 3828 794 3888 recordetur
812 3829 843 3887 id
866 3827 996 3888 Herculi
1016 3829 1159 3887 nondum
1180 3829 1294 3887 notum
1316 3843 1388 3888 esse
1408 3829 1458 3899 (ci.
1479 3829 1563 3888 1140

293 3948 385 4019 sqql,
408 3944 500 4003 Nessi
526 3944 637 4002 autem
661 3943 701 4002 ab
725 3941 863 4002 Hercule
888 3957 952 4001 non
975 3943 1044 4001 sine
1068 3942 1156 4001 iusta
1181 3956 1280 4002 causa
1303 3943 1400 4002 occisi
1424 3944 1562 4003 mortem

294 4059 399 4117 Furiis
433 4072 497 4116 non
532 4071 604 4116 esse
636 4056 872 4116 vindicandam.
912 4056 981 4115 Non
1019 4056 1165 4116 iustitiae
1203 4056 1380 4116 dearumve
1416 4072 1564 4116 severam

294 4171 351 4232 sed
381 4171 503 4231 iustam
535 4184 672 4243 poenam
704 4170 903 4242 exigentium
940 4169 1133 4229 adiutricem
1163 4169 1320 4230 Hercules
1353 4172 1446 4230 vocat
1477 4170 1565 4230 Deia-

294 4285 398 4345 niram
424 4317 464 4326 -
490 4283 584 4355 longe
615 4282 679 4341 alia
710 4283 780 4342 eius
811 4284 862 4342 est
894 4297 987 4342 mens
1019 4283 1052 4342 et
1082 4283 1184 4343 animi
1213 4285 1321 4344 status
1346 4317 1386 4326 -
1411 4284 1469 4344 sed
1496 4283 1565 4343 sine

295 4413 394 4459 causa
428 4397 600 4457 crudeliter
633 4398 666 4455 et
700 4396 888 4456 immaniter
922 4397 954 4455 in
990 4412 1026 4456 se
1060 4399 1245 4470 grassatam
1280 4413 1352 4458 csse
1387 4397 1497 4458 credit.
1534 4397 1568 4456 Si

298 4510 443 4591 ,iprvviuv
477 4508 721 4589 ἀμφίβληστρον”
756 4510 790 4569 in
824 4525 878 4570 ore
913 4509 1062 4570 Herculis
1092 4510 1178 4570 idern
1208 4513 1307 4587 esset,
1338 4512 1422 4585 quod
1457 4509 1568 4590 ,atym

291 4625 461 4704 ’Epaulion'
486 4627 518 4685 in
542 4640 596 4685 ore
619 4624 777 4700 Aegisthi,
802 4639 865 4683 non
889 4639 1026 4684 uxorem
1052 4640 1165 4684 verum
1190 4639 1224 4684 se
1248 4626 1356 4699 ipsum
1380 4626 1566 4700 accusaret;
