3536 5068
867 262 908 320 92

253 437 357 496 nequo
391 423 457 482 ulla
488 426 539 484 ost
570 438 678 498 causa,
699 438 755 482 cur
782 423 834 484 hic
858 425 896 484 de
920 425 1053 484 civitate
1078 424 1250 498 quicquam
1275 423 1336 483 dici
1360 425 1523 498 putemus.

206 553 210 564 ·
253 535 299 595 En
334 536 566 608 gravissimum
592 537 711 596 Scbblli
735 539 975 612 argumentum,
1000 539 1039 597 de
1062 553 1125 610 quo
1149 538 1342 611 saepissime
1365 537 1524 611 loquitur!

252 649 414 713 Nonnulla
437 649 501 710 alia
527 649 704 710 videamus,

298 991 367 1052 Non
403 992 508 1052 solum
539 993 590 1051 ius
621 991 850 1064 inquilinorum
883 991 1225 1064 (schutzburgerrecht)
1257 992 1315 1051 sed
1345 991 1445 1051 etiarn
1470 993 1521 1052 ius

253 1107 337 1179 asyli
372 1105 556 1178 (asylrecht)
592 1105 771 1165 secundum
805 1104 981 1164 Schbllium
1015 1104 1167 1179 Oedipodi
1190 1120 1290 1178 nepos
1313 1105 1436 1178 tribuit,
1460 1121 1525 1165 non

255 1219 348 1279 modo
373 1234 420 1278 vs.
446 1221 509 1278 637
535 1221 567 1278 et
593 1219 647 1292 qui
670 1218 866 1292 praecedunt
889 1217 1006 1291 quique
1031 1219 1211 1291 sequuntur
1234 1235 1253 1278 a
1279 1219 1401 1278 recenti
1424 1233 1524 1278 manu

252 1332 363 1405 scripti
398 1334 486 1407 sunt,
523 1346 637 1390 verum
672 1331 773 1390 etiam
806 1346 854 1391 vs.
884 1331 1070 1391 tel-510.
1095 1331 1199 1406 Quam
1223 1331 1382 1391 Schdllius
1404 1332 1526 1406 profert

226 1446 411 1506 ¹causam?
436 1478 476 1487 —
501 1444 608 1519 Nepos
643 1444 801 1519 Oedipum
832 1445 921 1505 omni
945 1444 1074 1505 macula
1096 1445 1232 1506 liberare
1257 1447 1367 1506 studet
1391 1446 1425 1506 et
1447 1462 1524 1507 eum

252 1557 345 1631 fingit
379 1559 485 1617 virum
520 1558 590 1618 iure
622 1558 656 1617 in
687 1558 819 1619 dearum
851 1559 991 1631 gratiam
1024 1559 1207 1634 receptum;
1233 1558 1422 1633 Sophoclem
1448 1573 1523 1618 vero

252 1687 315 1732 non
349 1672 456 1746 ipsum
492 1687 546 1731 eos
578 1671 747 1745 scripsisse
780 1687 894 1731 vorsus
927 1671 978 1732 vel
1011 1672 1085 1732 hinc
1118 1672 1330 1732 manifestum
1354 1675 1414 1748 est,
1439 1672 1523 1744 quod

251 1788 346 1859 poeta
369 1787 565 1845 nosternon
589 1787 656 1844 tam
683 1785 804 1845 delirus
835 1787 869 1845 et
897 1800 1038 1845 vesanus
1067 1800 1138 1844 esse
1162 1787 1282 1861 posset,
1312 1787 1348 1846 ut
1374 1785 1522 1845 maxima

252 1904 284 1958 et
307 1899 502 1972 gravissima
526 1899 643 1958 delicta
666 1899 729 1959 ritu
754 1900 894 1973 quodam
919 1901 1078 1960 cotidiano
1102 1901 1135 1960 et
1159 1900 1284 1972 vulgari
1311 1899 1434 1972 expiari
1457 1915 1519 1960 cre·

174 2076 176 2082 ,
252 2014 341 2073 deret
367 2007 398 2082 ¹).
485 2055 493 2072 .

295 2126 405 2199 Neque
430 2126 612 2202 Sophocles,
639 2127 667 2185 si
691 2127 766 2198 quid
793 2127 897 2202 video,
919 2141 992 2185 eam
1016 2125 1258 2186 libationi'vim
1282 2127 1396 2186 tribuit
1419 2142 1523 2199 neque

253 2241 337 2300 alius
362 2240 424 2299 nisi
447 2242 543 2314 poeta
566 2242 677 2300 noster
702 2255 816 2300 versus
835 2239 974 2313 scripsit.
1000 2239 1088 2315 Quod
1108 2239 1148 2299 ad
1167 2243 1306 2314 priorem
1327 2239 1523 2300 sententiam

251 2354 379 2427 attinet,
413 2369 477 2412 uon
513 2353 673 2413 Schbllius
707 2353 832 2427 primus
856 2368 892 2412 eo
920 2353 1015 2413 modo
1040 2369 1153 2412 versus
1178 2353 1353 2427 explicavit
1376 2353 1432 2412 sed
1455 2353 1522 2412 iam

251 2467 448 2526 Scholiastes
472 2467 621 2528 adnotat:
646 2474 826 2544 παραινοῦσι
848 2463 903 2546 γὰρ
924 2465 1015 2526 αὐτὸν
1035 2466 1210 2544 καθαρσίων
1234 2471 1340 2545 ταχεῖα,
1362 2465 1412 2524 ἵνα
1434 2457 1521 2543 ἧττόν

249 2601 312 2650 πως
337 2577 443 2658 ἐναγὴς
467 2579 614 2657 φαίνοιτο,
638 2581 690 2640 cui
714 2579 920 2655 explicationi
945 2580 1002 2640 Th.
1026 2580 1132 2654 Bergk
1155 2581 1333 2640 assentitur
1357 2579 1419 2650 (Gr.
1444 2580 1520 2639 Litt.

251 2694 308 2768 ΙΙΙ,
340 2709 412 2768 pag.
446 2696 510 2754 435
544 2709 631 2754 anm.
665 2694 749 2765 200).
782 2694 885 2769 Quam
910 2696 1021 2753 tamen
1048 2693 1166 2754 falsam
1190 2710 1262 2754 esse
1285 2710 1418 2768 censeo;
1444 2708 1521 2754 narn

250 2822 365 2866 versus
391 2810 454 2870 466
479 2823 548 2882 sqq.

494 2927 554 2981 θοῦ
579 2929 635 2980 νῦν
659 2920 819 3000 καθαρμὸν
843 2922 935 2981 τῶνδε
961 2919 1124 2999 δαιμόνων,
1147 2915 1191 2996 ἐφ’
1217 2917 1252 2993 ἃς

494 3034 527 3095 τὸ
551 3043 668 3113 πρῶτον
692 3035 758 3096 ἵιιοα
782 3033 832 3096 καὶ
855 3033 1046 3111 laticesque
1069 3031 1171 3112 πέδον,

248 3150 336 3210 nullo
359 3149 421 3209 alio
447 3151 540 3222 modo
566 3150 747 3223 explicandi
772 3166 844 3210 esse
870 3151 950 3210 mibi
975 3151 1126 3210 videntur
1149 3150 1212 3209 nisi
1235 3150 1311 3210 hoc:

297 3264 445 3339 Oedipus,
471 3265 554 3337 quod
579 3263 671 3324 nefas
695 3265 774 3340 erat,
799 3264 833 3324 in
856 3265 967 3326 lucum
993 3280 1120 3324 sacrum
1146 3263 1327 3338 penetravit
1351 3265 1383 3322 et
1407 3263 1523 3322 bacin

251 3393 285 3436 re
306 3378 463 3438 adversus
483 3379 561 3439 deas
582 3378 738 3453 peccavit,
758 3393 841 3450 quae
858 3378 974 3438 idcirco
987 3377 1195 3437 libationibus
1207 3377 1236 3436 ei
1248 3376 1423 3451 placandae
1435 3378 1522 3436 sunt.

249 3491 317 3550 Non
351 3507 506 3564 magnum
539 3494 590 3551 est
612 3493 793 3566 peccatum,
818 3507 882 3551 non
906 3506 1025 3564 magno
1051 3491 1159 3550 labore
1184 3490 1325 3563 expiatio
1349 3489 1522 3564 obtinetur,

250 3605 328 3664 nihil
360 3606 399 3664 de
432 3578 536 3680 priore
569 3605 738 3678 Oedipodis
764 3605 841 3680 vita,
866 3605 904 3664 de
933 3605 1105 3664 Furiarum
1128 3605 1290 3677 potestate
1315 3603 1442 3676 dicitur,
1466 3603 1523 3662 sed

249 3734 354 3794 senes,
391 3721 446 3793 qui
480 3735 526 3779 vs
564 3721 626 3778 120
659 3735 727 3792 sqq.
754 3719 959 3793 peregrinum
985 3721 1019 3778 in
1041 3718 1149 3778 lucum
1174 3721 1362 3792 penetrasse
1387 3717 1524 3777 moleste

250 3833 404 3908 ferebant,
436 3835 511 3892 ante
541 3835 651 3893 omnia
674 3836 710 3893 ut
733 3834 811 3893 deae
836 3833 1003 3906 placentur
1028 3835 1152 3906 curant,
1185 3832 1378 3904 illorumque
1401 3832 1523 3904 religio·

249 3948 301 4006 nis
325 3962 424 4007 causa
447 3947 641 4020 illorumque
666 3950 775 4007 metus
799 3948 962 4007 adimendi
985 3947 1091 4019 gratia
1114 3946 1286 4006 libationes
1310 3946 1466 4005 feruntur.

295 4061 405 4119 Inanis
440 4063 490 4119 est
525 4061 665 4134 suspicio
696 4061 797 4135 patris
830 4061 962 4120 caedem
995 4062 1028 4120 et
1052 4061 1168 4119 matris
1188 4059 1318 4134 nuptias
1341 4074 1442 4133 parva
1465 4060 1525 4118 hac

251 4175 285 4233 et
309 4173 396 4233 facili
421 4174 616 4233 caerimonia
640 4175 773 4247 expiari.
798 4174 900 4234 Multa
923 4173 1071 4248 obstant;
1097 4174 1210 4249 primo,
1235 4173 1357 4233 utiam
1381 4172 1525 4246 pluribus

251 4289 474 4347 demonstrare
499 4289 635 4346 conatus
656 4303 741 4362 sum,
763 4288 847 4360 apud
869 4287 1059 4360 Sophoclem
1081 4287 1175 4346 Dirae
1196 4286 1349 4360 Oedipodi
1368 4287 1407 4345 cb
1429 4285 1525 4346 male-

252 4400 325 4462 ficia
349 4417 412 4460 non
436 4401 619 4460 irascuntur
641 4435 681 4443 -
703 4417 766 4460 non
787 4416 885 4474 penes
905 4417 962 4460 eas
983 4399 1089 4460 exulis
1109 4400 1238 4459 fortuna
1255 4403 1358 4460 est-
1374 4398 1525 4475 secundo,

288 4642 305 4707 ¹)
324 4645 407 4691 Etiam
426 4645 516 4691 Nauck
532 4645 635 4692 easdem
654 4647 686 4692 ob
706 4659 796 4692 causas
812 4659 902 4693 versus
919 4646 1039 4705 Sophocli
1057 4646 1199 4701 abiudicet3
1217 4645 1275 4691 vide
1293 4645 1374 4704 prael.
1393 4659 1450 4704 pag.
1469 4646 1508 4690 31.
