3536 5068
247 1351 294 1410 De
318 1351 444 1424 septem
469 1349 633 1425 Sophoclis
657 1350 775 1410 fabulis
800 1351 861 1410 viri
885 1351 970 1412 docti
995 1350 1100 1410 multa
1120 1350 1319 1425 scripserunt
1340 1355 1372 1412 61
1393 1368 1476 1413 com·

202 1464 312 1538 plures
335 1465 515 1525 sententias
538 1465 758 1538 protulerunt;
783 1465 822 1524 de
845 1465 934 1524 nulla
958 1466 1070 1524 tamen
1094 1465 1163 1523 tarn
1189 1467 1299 1526 crebro
1323 1466 1477 1526 iudicium

203 1579 256 1638 est
281 1579 530 1652 pronunciatum
555 1593 653 1652 quarn
682 1579 720 1638 de
745 1593 792 1654 aa,
818 1593 899 1652 quae
932 1576 1098 1654 ,Οἰδίπους
1122 1575 1168 1636 ἐπὶ
1193 1581 1345 1661 Κολωνῳ”
1370 1579 1478 1639 inscri-

203 1692 300 1767 bitur,
325 1706 428 1764 nequo
452 1693 559 1752 solum
583 1693 716 1766 multae,
743 1707 856 1752 verum
885 1693 984 1752 otiam
1008 1692 1104 1766 plane
1127 1693 1274 1752 diversae
1298 1695 1479 1754 sententiae

204 1805 261 1866 illa
284 1807 323 1866 de
347 1807 513 1879 tragoedia
536 1808 642 1867 editae
665 1808 751 1867 sunt.
777 1807 801 1866 Ε
826 1807 940 1866 multis
964 1806 1137 1867 nonnullas
1161 1808 1276 1868 afferre
1301 1809 1388 1868 libet.

250 1919 429 1994 Scriptores
459 1920 572 1981 Graeci
600 1921 633 1980 et
656 1921 762 1980 Latini
787 1925 990 1994 (anonymus,
1017 1920 1070 1992 qui
1095 1920 1198 1980 vitam
1224 1922 1478 1997 compescitis,

205 2034 260 2106 qni
295 2036 522 2106 argumentum
560 2034 699 2109 scripsit,
737 2033 855 2109 Cicero,
895 2035 1083 2109 Appuleius
1123 2033 1272 2095 Valerius
1306 2035 1478 2112 Maximus,

205 2147 408 2222 Plutarchus,
433 2147 604 2218 Luciacus)
630 2148 718 2208 senis
742 2147 907 2222 Sophoclis
930 2148 990 2208 hoc
1010 2163 1090 2222 opus
1110 2164 1193 2224 esse,
1214 2150 1303 2222 quod
1318 2150 1480 2224 supremis

208 2260 293 2320 vitae
324 2261 437 2321 diebus
468 2261 703 2336 conscripserit,
735 2261 853 2334 inquo
877 2261 977 2334 igitur
1000 2263 1163 2321 condendo
1187 2277 1251 2322 non
1275 2263 1379 2322 multo
1404 2265 1479 2323 ante

205 2390 328 2435 annum
352 2376 416 2434 406
441 2378 616 2449 occupatus
639 2375 747 2450 fuerit,
772 2377 812 2436 ad
836 2391 937 2434 unum
962 2391 1076 2435 omnes
1100 2375 1192 2435 nobis
1214 2377 1357 2452 tradunt,
1381 2392 1478 2450 quarn

207 2602 404 2677 Bernhardy,
423 2602 539 2677 Bergk,
559 2587 672 2665 Nauck
688 2597 719 2678 ¹),
742 2618 852 2663 veram
873 2605 906 2663 61
927 2605 1048 2663 certam
1070 2618 1143 2664 esse
1162 2602 1337 2663 affirmant.
1358 2603 1478 2664 Verum

207 2716 322 2774 horum
354 2717 501 2775 omniurn
532 2717 713 2777 sententiae
745 2717 826 2776 alios
858 2717 1480 2790 60111161161111611181160110011116

207 2829 343 2888 meritos
373 2844 437 2888 non
467 2831 642 2902 potuerunt
672 2830 833 2890 deterrere
865 2830 1039 2904 quominus
1068 2845 1087 2889 6
1111 2846 1187 2890 sene
1212 2829 1366 2903 Sophocle
1392 2829 1479 2889 Oedi-

206 2957 285 3016 pum
318 2942 493 3003 Coloneum
524 2944 741 3018 compositum
774 2959 845 3004 esse
877 2947 1049 3019 negarent;
1086 2944 1146 3003 viri
1181 2944 1268 3003 enim
1300 2943 1481 3004 doctissimi

206 3056 453 3132 S.‘Hermann,
485 3057 524 3116 K.
555 3057 753 3131 Lachmann,
784 3058 822 3118 A.
855 3057 962 3117 Schdll
990 3061 1066 3117 ante
1088 3073 1202 3131 pacem
1226 3057 1346 3132 Niciae,
1371 3057 1481 3116 Boclrh

206 3185 271 3231 non
295 3170 399 3230 multo
422 3172 496 3244 post
519 3185 641 3229 annum
665 3171 741 3245 421,
765 3170 816 3230 W.
842 3170 948 3230 Christ
963 3164 988 3250 2)
1012 3171 1124 3242 ntique
1152 3170 1266 3231 multis
1289 3172 1382 3232 annis
1405 3173 1480 3232 aute

204 3286 319 3359 poetae
343 3285 484 3344 mortem
507 3283 650 3344 fabulam
676 3284 832 3357 scriptam
856 3285 888 3344 et
912 3291 1019 3345 actam
1046 3299 1118 3344 esse
1142 3285 1349 3344 contendunt.

252 3398 408 3473 Quamvis
430 3431 470 3440 -
491 3399 528 3457 ut
548 3398 646 3457 allam
666 3400 800 3470 tangam
821 3413 891 3457 rem
913 3401 1156 3458 controversam
1172 3397 1350 3472 -antiqui
1366 3379 1480 3457 omnes

241 3660 260 3728 1)
279 3665 310 3711 (1.
327 3665 358 3711 H.
376 3665 456 3721 Bode,
474 3667 629 3715 Gcschiohte
647 3669 693 3715 der
710 3668 886 3714 hellenischen
904 3667 1060 3714 Dichtkunst
1076 3669 1139 3714 1889
1157 3668 1277 3729 111,419.

242 3744 272 3789 Κ.
285 3743 313 3790 0.
330 3744 432 3800 Miiller,
450 3745 605 3792 Geschlchte
622 3747 668 3793 der
684 3742 861 3805 griechischen
878 3747 1020 3794 Litteratur
1039 3748 1103 3794 1857
1120 3747 1155 3807 ΙΙ,
1173 3748 1230 3793 135.
1287 3808 1289 3812 y

242 3823 271 3870 (1.
286 3823 444 3882 Bernhardy,
463 3824 602 3871 Grundrlas
619 3825 665 3872 der
683 3827 862 3884 griechischen
879 3826 1022 3873 Litteratur
1040 3827 1150 3872 1812-76
1168 3826 1202 3882 ΙΙ,
1221 3827 1243 3880 2,
1262 3827 1317 3873 357.

241 3903 289 3950 Th.
306 3903 400 3962 Bergk,
415 3901 579 3951 Griechischa
597 3906 886 3966 Litteraturgeschichte
906 3906 1049 3952 1872-1884
1067 3906 1115 3966 III,
1133 3907 1190 3951 432.

240 3983 304 4042 Aug.
330 3981 427 4042 Nauck,
454 3982 594 4041 Sophocles
620 3984 715 4030 61111111
736 3999 786 4032 von
809 3983 835 4031 F.
858 3985 895 4032 W.
916 3983 1092 4031 Schneidewin
1118 3985 1193 4030 10110
1219 3986 1277 4032 1111.
1303 3985 1408 4040 besorgt
1431 3997 1481 4031 von

208 4063 236 4108 A.
254 4063 344 4109 Nauck
363 4063 436 4108 1883.

241 4142 395 4188 Dubitanter
413 4141 443 4188 B.
463 4141 489 4187 C.
508 4139 584 4200 tabo,
603 4145 658 4191 The
676 4145 789 4205 Oedipus
806 4145 934 4192 Coloneus
952 4141 1106 4202 Cambridge
1126 4144 1199 4189 1889.

241 4216 261 4280 ²)
279 4223 309 4269 (1.
327 4223 458 4268 Hermann
476 4221 501 4266 in
519 4223 677 4280 praelatione
694 4225 796 4271 fabulae
814 4238 872 4284 pag.
891 4223 921 4268 18
943 4226 1020 4281 (anno
1040 4221 1121 4284 1825).

242 4301 272 4347 Κ.
289 4301 447 4356 Lachmann,
463 4300 554 4348 Rhein.
571 4304 636 4351 Mus.
655 4305 676 4365 I,
695 4306 743 4350 813
761 4305 788 4350 ff.

242 4379 289 4426 Ad.
307 4380 402 4436 Schdll,
418 4379 568 4438 Philologus
587 4385 660 4440 1867,
676 4382 749 4428 Bend
767 4385 807 4436 26,
825 4396 884 4442 pag.
903 4381 959 4429 385.

241 4459 307 4517 Aug.
319 4459 416 4514 B5clrh,
427 4458 542 4506 monam.
561 4463 629 4509 host.
646 4463 729 4510 Berol.
749 4463 812 4508 1826
831 4459 902 4526 (Ges.
919 4459 1024 4509 Schrift.
1042 4461 1084 4518 IV,
1100 4456 1167 4516 228).

243 4537 279 4584 W.
297 4539 390 4592 Christ,
408 4537 560 4584 Geschichte
579 4541 624 4587 der
641 4542 818 4600 griechischen
834 4542 976 4588 Litterctur
995 4540 1068 4596 1889,
1083 4553 1140 4598 pag.
1160 4540 1215 4585 186.
