3536 5068
813 240 853 301 79

245 410 288 469 At
311 406 490 482 Polynices
522 421 604 478 quae
636 405 717 479 orat,
749 418 813 464 non
841 402 1011 477 impetrat;
1037 401 1138 461 immo
1163 400 1302 473 Oedipus
1323 389 1469 472 impieta·

202 525 268 583 tem
300 523 330 582 61
360 521 531 595 exprobrat
562 522 791 590 auctoremque
823 517 875 576 sui
909 517 1002 576 vocat
1032 514 1121 576 exilii
1151 514 1368 584 admonetque
1391 512 1470 571 tem·

201 636 297 711 poris,
332 650 394 707 quo
428 634 493 709 ille,
529 633 711 693 Thebarum
741 647 810 705 rex,
841 631 967 705 patrem
999 645 1041 689 ex
1066 628 1142 689 urbe
1166 627 1268 688 eiecit.
1293 626 1368 685 Ideo
1392 624 1472 683 deus

201 739 1470 822 qfflmmmmmfflmmmwmmmmmwmmmmwm

200 860 375 921 incumbet.
400 860 495 920 Tales
519 855 606 920 e'nim
630 861 721 933 pater
745 858 812 918 iam
835 860 963 918 antea
994 857 1093 918 edidit
1116 854 1365 928 exsecrationes
1390 866 1473 925 quas

203 990 287 1034 nunc
317 975 423 1033 iterat.
461 972 549 1048 Quod
585 973 733 1047 ,antea”,
765 972 828 1032 nisi
854 972 957 1046 fallor,
982 986 1019 1030 eo
1043 971 1076 1029 in
1100 970 1255 1030 contextu
1279 967 1319 1026 ad
1342 968 1473 1039 tempus

203 1089 338 1163 spectat,
362 1102 425 1160 quo
449 1086 588 1160 Oedipus
611 1086 736 1146 invitus
759 1085 877 1145 Thebis
898 1084 1056 1144 decedens
1078 1082 1154 1143 filiis
1173 1082 1316 1156 pessima
1338 1078 1473 1152 quaevis

202 1202 399 1275 imprecatus
441 1202 501 1260 est.
543 1199 623 1259 Illas
654 1198 903 1273 imprecationes
943 1198 1096 1258 victoriae
1138 1194 1369 1270 impedimento
1401 1207 1473 1252 esse

202 1315 419 1388 Amphiaraus
450 1312 631 1386 contendit;
664 1311 738 1372 illae
763 1327 848 1372 nunc
876 1312 1012 1372 iteratae
1036 1313 1161 1371 certum
1186 1307 1330 1382 Polynici
1350 1309 1474 1382 porten-

202 1429 283 1488 dunt
318 1428 460 1501 exitum;
486 1427 561 1487 illae
593 1442 667 1486 eum
693 1428 726 1486 et
757 1427 903 1486 Athenas
927 1427 1088 1486 miserunt
1112 1425 1151 1485 ad
1175 1426 1300 1499 patrem
1324 1422 1473 1494 mitigan-

202 1543 290 1617 dum,
315 1545 348 1601 et
368 1541 507 1601 Athenis
530 1541 701 1601 dimittunt
725 1540 765 1600 ad
790 1541 930 1599 mortem
955 1539 1181 1614 oppetendam.

247 1655 358 1715 Nauck
393 1656 433 1715 ad
468 1669 563 1715 suam
596 1669 711 1713 versus
752 1654 836 1715 1299
871 1653 1172 1726 interpretationem
1204 1650 1359 1711 tuendam
1391 1665 1475 1710 com·

202 1769 421 1844 pmmm:

251 1875 267 1958 ἡ
292 1881 381 1941 πάλαι
406 1879 511 1961 γένους
535 1879 638 1959 φθορά
663 1884 722 1951 (VS.
748 1881 833 1949 369).

249 1993 302 2073 τὴν
326 1992 522 2074 πεπρωμένην
545 1992 608 2073 ἔριν
633 1999 691 2066 (vs.
717 1995 803 2065 421).

252 2109 346 2190 χώρας
370 2107 503 2189 ἀλάστωρ
527 2107 620 2187 οὑμός
644 2112 703 2180 (VS.
730 2109 813 2180 788).

248 2227 332 2294 θεοῖς
356 2222 515 2300 μηνίουσιν
539 2221 579 2293 εἰς
606 2218 690 2301 γένος
713 2220 805 2280 πάλαι
832 2226 892 2291 (vs.
918 2224 1004 2293 965).

250 2339 300 2398 Ad
322 2338 464 2412 primurn
489 2338 521 2397 et
544 2335 722 2396 secundum
748 2335 836 2396 locos
859 2337 944 2408 quod
968 2337 1095 2412 attinet,
1116 2353 1179 2398 non
1199 2338 1312 2398 eodem
1332 2340 1478 2412 tempore

204 2449 1478 2527 mmmmmmwmmmffimmmmmmffl·

204 2566 335 2639 quium;
360 2564 425 2624 illic
449 2565 536 2624 enim
560 2563 624 2639 diu,
649 2565 822 2637 postquam
847 2563 988 2639 Oedipus
1011 2581 1028 2624 e
1048 2565 1177 2638 regione
1198 2566 1287 2642 abiit,
1309 2566 1478 2640 Polynices

204 2680 365 2754 tyrannus
391 2679 497 2739 iactus
518 2679 569 2738 est
591 2681 650 2748 (vs.
677 2679 762 2753 364),
786 2676 838 2737 hio
861 2676 1013 2751 Polynice
1035 2693 1110 2751 rege
1130 2678 1270 2753 Oedipus
1289 2680 1321 2739 in
1342 2680 1478 2741 exilium

206 2793 331 2852 missus
354 2793 405 2852 est
428 2795 487 2862 (vs.
515 2791 621 2866 1354),
645 2790 684 2851 de
708 2805 770 2863 quo
794 2805 873 2850 mox
895 2791 989 2865 plura
1003 2785 1034 2860 ¹).

251 2907 289 2966 In
314 2921 409 2967 versu
431 2906 543 2965 autem
566 2903 628 2964 788
650 2902 745 2982 χώρας
765 2900 897 2982 ἀλάστωρ
919 2901 1011 2981 οὑμός
1030 2905 1145 2978 genius
1164 2906 1304 2967 infestus
1324 2909 1357 2968 61
1377 2908 1481 2968 iratus

207 3021 383 3094 Oedipodis¹
413 3021 474 3095 est,
506 3033 571 3078 non
601 3017 716 3091 genius
747 3018 859 3078 domui
892 3019 999 3090 regiae
1030 3019 1192 3096 inimicus,
1224 3023 1261 3080 ut
1290 3023 1343 3082 hic
1376 3017 1412 3099 ,iq
1444 3019 1481 3099 σὴ

208 3133 328 3213 ἐρινύς”
363 3133 596 3208 interpretatur
628 3131 750 3192 Nauck.
787 3131 956 3192 Postremo
990 3133 1023 3191 in
1060 3149 1154 3194 versu
1189 3135 1252 3196 965
1285 3136 1356 3196 sine
1387 3136 1482 3196 dubio

209 3249 349 3323 Oedipus
379 3249 456 3308 deos
484 3260 618 3320 superos
641 3261 700 3306 suo
724 3246 834 3319 generi
858 3260 1049 3307 succensere
1074 3248 1258 3325 arbitratur,
1283 3251 1340 3310 sed
1363 3250 1396 3310 id
1419 3265 1482 3310 non

210 3360 1484 3439 smmmfflwmfflmmfflmmmmmffie

209 3477 304 3537 deam
334 3476 496 3550 quandam
529 3473 722 3550 6111116116,
755 3489 838 3547 quae
869 3473 1027 3547 Oedipum
1059 3475 1229 3551 expulerit,
1254 3477 1355 3537 etiam
1378 3475 1484 3536 filium

210 3591 251 3652 ad
274 3590 431 3650 miseram
455 3586 674 3648 condicionem
694 3587 867 3660 redegisse.

256 3703 317 3764 Sed
352 3702 485 3763 maion's
520 3703 571 3760 est
606 3699 775 3775 momenti,
808 3701 892 3775 quod
927 3704 1004 3779 ,tua
1035 3702 1152 3766 Furia'’
1193 3717 1257 3763 non
1288 3705 1397 3778 potest
1427 3702 1492 3760 dici

210 3818 338 3892 generis
368 3816 479 3891 Furia;
512 3830 577 3876 vox
612 3807 648 3889 ,q
681 3812 717 3890 σὴ
742 3810 863 3891 ἐρινύς”
888 3816 1074 3877 necessario
1097 3815 1316 3889 intellegenda
1339 3816 1374 3878 61
1396 3814 1493 3873 inter·

210 3931 366 4008 pretanda
389 3932 439 3991 est
459 3929 573 3990 eodem
593 3927 699 4003 modo,
724 3942 787 4000 quo
812 3927 932 4007 πατρὸς,
952 3926 1073 4008 μητρὸς,
1092 3927 1210 4006 παιδὸς,
1228 3925 1350 4003 τέκνων,
1369 3933 1494 4003 πτωχῶν

209 4040 353 4125 Ἐρινύες,
375 4044 396 4105 1.
410 4060 437 4106 6.
462 4043 587 4118 Furiae,
613 4055 696 4116 quae
716 4042 878 4115 flagitium
903 4057 980 4116 erga
999 4043 1141 4120 patrem,
1161 4044 1305 4104 matrem
1326 4043 1388 4102 etc.
1409 4054 1494 4101 com·

212 4160 352 4219 missum
373 4157 537 4219 vindicant
556 4156 654 4230 atque
674 4154 886 4216 ulciscuntur.
907 4156 1056 4218 Eundem
1077 4155 1262 4232 genitivum
1281 4157 1368 4217 idem
1386 4154 1494 4215 valere

212 4273 378 4333 mmm

258 4385 388 4446 Hesiod.
411 4385 528 4457 Theog.
552 4385 629 4446 472.
654 4382 787 4444 Homer.
816 4383 845 4439 Φ
868 4384 943 4445 412.
966 4387 982 4443 l
1008 4382 1085 4446 280.
1110 4406 1128 4464 ρ
1153 4386 1228 4446 475.

218 4535 433 4544 μ-ᾑα

128 4599 130 4604 ¹
247 4625 466 4693 umam
