3536 5068
911 288 954 348 20

292 457 442 530 quamvis
458 455 671 532 laudaverint,
685 455 768 528 quod
780 470 839 515 nos
854 454 1086 529 vituperemus,
1100 455 1269 528 propterea
1281 453 1378 513 etiam
1395 451 1564 526 Oedipodis

291 584 368 642 erga
387 567 470 628 filios
490 567 604 642 agendi
623 568 783 628 rationem
802 583 822 627 a
839 567 993 642 Sophocle
1005 568 1173 641 probatam
1188 582 1260 627 esse
1273 566 1422 640 equidem
1434 565 1563 626 credere

290 698 353 743 non
385 696 529 757 possum.
561 681 608 741 Ne
640 684 751 742 tamen
783 683 907 740 temere
940 696 1035 754 agere
1059 682 1178 757 videar,
1202 681 1235 741 in
1258 680 1372 756 primis
1396 681 1562 740 decretum

292 797 343 858 vel
366 797 484 870 dogma
506 795 585 856 illud
608 795 772 856 nonnullis
795 797 964 868 poetarum
986 794 1180 854 Graecorum
1202 795 1373 853 sententiis
1393 792 1562 852 illustrabo

290 913 324 970 et
355 909 520 983 Sophoclis
546 909 806 969 commemorabo
829 908 916 969 locos
940 908 980 968 ad
1004 924 1073 968 rem
1098 908 1253 969 iacientes
1277 908 1463 982 praecipue;
1488 910 1561 966 tum

290 1023 417 1084 facilius
440 1022 621 1096 meliusque
641 1024 784 1082 statuere
804 1037 898 1095 posse
920 1021 999 1081 mihi
1020 1021 1139 1098 videor,
1160 1024 1318 1094 quantum
1338 1024 1418 1082 haec
1433 1021 1562 1081 valeant

290 1139 330 1198 ad
355 1137 521 1211 Oedipum.

334 1249 510 1315 Homerus
541 1249 616 1323 quin
644 1265 701 1324 par
731 1249 800 1324 pari
829 1249 1035 1309 referendum
1063 1265 1135 1310 esse
1165 1249 1319 1326 docuerit,
1352 1265 1415 1309 non
1439 1246 1562 1309 multos

290 1365 437 1425 dubitare
456 1364 607 1438 arbitror;
629 1365 784 1438 attamen,
809 1379 848 1424 ne
872 1363 1003 1423 omnino
1024 1363 1118 1422 illum
1138 1363 1408 1438 praetermittam,
1429 1363 1509 1422 haec
1528 1363 1562 1422 in

291 1478 484 1538 memoriam
505 1476 585 1536 mihi
604 1492 755 1536 revocare
775 1476 880 1536 liceat.
901 1477 940 1535 In
960 1476 1072 1536 iliadis
1092 1476 1172 1537 libro
1192 1478 1286 1537 sexto
1307 1492 1382 1537 cum
1402 1477 1562 1536 Adrastus

290 1593 328 1653 de
363 1607 457 1652 curru
492 1590 663 1652 devolutus
693 1589 876 1650 Menelaum
906 1591 1043 1665 supplex
1077 1593 1237 1667 precatur,
1273 1593 1309 1650 ut
1345 1591 1406 1651 sibi
1440 1591 1562 1665 parcat,

290 1705 515 1779 Agamemnon
539 1703 673 1764 fratrem
696 1705 747 1763 his
771 1705 878 1765 verbis
903 1704 1051 1778 corripit:

514 1807 537 1875 ὦ
561 1812 666 1894 πέπον,
689 1808 712 1876 ὦ
736 1813 884 1896 Μενέλαε,
906 1816 952 1896 τίη
977 1813 1009 1876 δέ
1032 1815 1070 1876 σὺ
1093 1815 1198 1895 κήδεαι
1221 1816 1314 1889 οὕτως

515 1927 650 2009 ἀνδρῶν;
673 1920 692 2008 ή
715 1928 762 1990 σοὶ
785 1927 888 2013 ἄριστα
911 1931 1068 2009 πεποίηται
1090 1928 1165 1990 κατὰ
1187 1932 1294 1990 έοῖκον

513 2039 587 2121 πρὸς
613 2041 731 2121 Τρώων·
754 2053 812 2104 τῶν
836 2044 876 2123 μή
899 2068 942 2116 τις
963 2044 1133 2123 ὑπεκφύγοι
1156 2043 1249 2103 αἰπὺν
1272 2041 1398 2123 ὄλεθρον

427 2163 428 2168 ’
513 2154 609 2234 χεῖράς
633 2149 663 2214 θ’
688 2153 840 2237 ὑμετέρας,
865 2153 934 2235 μηδ’
962 2156 1085 2217 ὅντινα
1108 2153 1224 2236 γαστέρι
1248 2155 1343 2235 μήτηρ

513 2276 624 2349 κοῦρον
649 2265 734 2329 έόντα
757 2266 850 2350 φέρει,
872 2266 941 2348 μηδ’
969 2266 1002 2343 ὃς
1026 2271 1128 2350 φύγοι,
1151 2265 1210 2331 ἀλλ’
1238 2269 1299 2348 ἅμα
1324 2269 1431 2342 πάντες

516 2381 616 2442 Ριλίον
640 2377 819 2455 ἐξαπολοίατ’
845 2380 1000 2460 ἀκήδεστοι
1022 2380 1072 2441 καὶ
1095 2379 1231 2460 ἄφαντοι.

336 2495 457 2571 Quibus
481 2495 668 2572 pedaneo,
693 2498 776 2569 quod
793 2499 938 2583 notetur,
963 2497 1193 2571 dignissimum
1217 2498 1303 2558 addit
1328 2499 1500 2560 iudicium:

515 2605 554 2680 ὡς
577 2606 692 2668 έειπὼν
715 2607 890 2692 παρέπεισεν
915 2608 1059 2686 ἀδελφεόο
1083 2608 1195 2691 φρένας
1218 2609 1307 2691 ήρως,

498 2719 655 2798 -αἴσιμα
680 2723 924 2804 παρέειπών.

337 2835 398 2897 sed
431 2835 497 2896 iam
531 2835 566 2896 in
598 2837 702 2912 primo
736 2839 846 2899 iliadis
880 2838 961 2899 libro
991 2840 1088 2911 atque
1119 2838 1152 2898 in
1182 2838 1252 2915 ipso
1282 2840 1437 2900 carminis
1466 2840 1562 2900 titulo

292 2949 397 3026 Μήνις
428 2943 574 3026 Ἀχιλλέος
600 2950 681 3009 satis
715 2952 873 3012 habemus
896 2951 1089 3024 argumenti.
1115 2952 1268 3029 Achilles,
1292 2953 1344 3014 cui
1366 2969 1430 3014 non
1454 2953 1562 3014 favere

291 3063 421 3135 poetam
456 3076 552 3122 nemo
586 3065 647 3138 est,
683 3064 736 3137 qui
772 3065 954 3142 contendat,
988 3064 1142 3126 iniuriam
1175 3081 1347 3141 perpessus
1378 3081 1443 3127 non
1474 3067 1563 3141 prius

292 3191 481 3238 succensere
501 3175 630 3236 desistit
649 3178 682 3238 et
701 3178 733 3237 in
753 3179 911 3252 proelium
927 3179 1020 3255 redit,
1034 3195 1132 3253 quam
1144 3179 1227 3240 iram
1239 3179 1393 3240 Briseidis
1406 3180 1563 3240 abductae

292 3289 401 3350 vincat
435 3290 543 3350 luctus
574 3290 734 3352 interiecti
767 3292 923 3368 Patrocli;
955 3294 1039 3366 quod
1069 3293 1244 3354 ulciscendi
1275 3293 1421 3353 studium
1452 3296 1563 3355 nostro

292 3403 422 3464 saeculo
456 3404 490 3463 in
521 3403 589 3464 viro
621 3404 719 3465 nobili
749 3405 881 3467 omnino
912 3407 1159 3483 vituperaretur,
1191 3407 1325 3467 Homeri
1357 3423 1432 3468 vero
1456 3410 1564 3469 aetate

292 3516 528 3592 quodammodo
548 3532 688 3590 aequum
708 3519 742 3578 et
761 3519 885 3578 iustum
898 3519 1077 3579 videbatur.
1097 3520 1188 3579 idem
1201 3521 1312 3581 autem
1324 3520 1468 3581 Achilles
1479 3524 1562 3597 post·

292 3645 391 3704 quam
406 3645 481 3690 cum
501 3629 647 3691 Troianis
667 3645 785 3690 manus
805 3633 978 3709 conseruit,
993 3648 1039 3709 se,
1053 3634 1090 3692 ut
1102 3633 1240 3694 Patrocli
1252 3648 1365 3694 necem
1379 3634 1563 3711 ulciscatur,

291 3743 458 3804 neminem
480 3743 593 3804 vivum
617 3745 829 3805 dimissurum
854 3762 927 3807 esse
950 3746 1119 3821 profitetur
1143 3747 1190 3817 (ll.
1214 3745 1303 3823 XXI,
1329 3763 1376 3809 ve.
1405 3749 1488 3818 103).

336 3858 381 3946 De
406 3857 539 3918 Homeri
562 3861 674 3919 tamen
697 3859 905 3936 carminibus
927 3875 1002 3921 oum
1022 3860 1055 3919 ni
1075 3873 1184 3921 mores
1204 3860 1346 3936 antiquis
1366 3862 1565 3938 temporibus

292 3951 541 4060 admirationem
566 3972 740 4033 dubiumve
764 3988 828 4034 non
851 3974 1024 4051 moverint,
1049 3974 1164 4048 longus
1188 3990 1261 4036 esse
1284 3975 1357 4036 nolo
1381 3977 1437 4037 sed
1456 3979 1564 4052 potius

224 4131 226 4135 .
292 4085 332 4145 ad
355 4085 553 4171 recentiores
576 4101 629 4145 me
655 4086 830 4148 conferam.

250 4184 251 4188 ¹
284 4261 287 4268 ,
337 4193 526 4284 llosioduS,
558 4198 633 4270 quid
669 4198 809 4274 cuipiam
844 4200 997 4262 iniuriam
1032 4217 1184 4276 perpesso
1215 4201 1398 4264 faciendum
1429 4204 1483 4280 sit,
1513 4205 1565 4264 his

283 4310 441 4399 ..versibus
465 4312 558 4372 docet
582 4308 686 4390 (Oper.
714 4313 776 4373 707
802 4316 900 4388 equi:

513 4419 589 4502 μηδὲ
611 4422 778 4510 κασιγνήτῳ
801 4417 868 4485 ἶσον
890 4431 1044 4486 ποιεῖσθαι
1066 4423 1190 4508 ἑταῖρον·

513 4537 540 4597 εἰ
562 4535 594 4598 δέ
617 4559 649 4598 κε
671 4537 809 4622 ποιήσῃς,
831 4539 871 4617 μή
898 4563 950 4619 μιν
972 4540 1112 4621 πρότερος
1134 4538 1228 4601 κακὸν
1251 4539 1344 4626 έρξγγς.

513 4646 588 4730 μηδὲ
611 4651 781 4730 ψεύδεσθαι
803 4652 936 4731 γλώσσης
959 4652 1053 4734 χάριν·
1077 4653 1104 4714 ει’
1127 4651 1159 4714 δέ
1182 4648 1210 4712 α’
1238 4653 1254 4714 ὅ
1276 4649 1298 4734 γ’
1325 4652 1405 4736 ἄρχει
