3536 5068
818 243 943 323 ‘32

290 425 444 487 felicitate
474 425 513 485 ad
540 424 687 484 infimam
718 441 793 484 eum
817 425 940 498 redegit
963 425 1148 500 miseriam;
1174 442 1277 499 neque
1296 429 1466 501 postquam
1491 435 1563 500 per*

289 540 406 615 spexit,
438 539 492 612 qui
523 542 620 614 esset,
652 539 728 611 quid
748 538 888 615 fecisset,
914 539 1047 599 deorum
1072 554 1192 599 numen
1222 540 1389 600 accusavit
1413 539 1464 600 vel
1488 555 1558 600 con·

288 652 423 727 tempsit
447 652 497 712 vel
521 652 754 712 contumeliose
772 651 813 711 iis
832 652 1007 726 imputavit
1028 653 1194 713 iniseriam
1215 669 1320 728 suam,
1341 655 1396 714 sed
1419 656 1451 713 et
1463 657 1560 713 antea

289 769 322 826 et
355 770 467 841 postea
502 767 634 827 deorum
666 766 728 825 fuit
757 766 870 825 cultor.
907 765 994 841 Quae
1026 766 1057 825 in
1091 766 1249 840 Oedipode
1280 782 1355 840 rege
1381 767 1459 827 vitia
1483 768 1559 825 sunt

287 881 399 956 animi,
420 895 458 939 ea
478 881 510 939 61
530 879 659 938 suntin
679 894 773 952 sene;
794 879 851 937 sed
870 878 1036 939 iracundia
1056 883 1089 939 et
1101 880 1260 939 acerbitas
1272 880 1318 939 nil
1330 881 1370 941 ad
1384 880 1558 954 maculam,

287 1009 369 1067 quae
401 994 431 1054 ei
461 994 512 1053 est
542 1008 691 1068 aspersa;
723 992 825 1051 animi
855 994 967 1052 autem
999 995 1179 1053 mutatione
1203 1009 1242 1054 ea
1266 996 1395 1054 tantum
1420 993 1558 1069 macula,

287 1123 369 1180 quae
399 1107 500 1167 animi
530 1106 691 1180 pravitate
722 1107 874 1179 suscepta
905 1105 957 1180 sit,
991 1106 1119 1167 eluitur.
1153 1108 1195 1183 Is,
1227 1109 1281 1181 qui
1309 1123 1373 1168 non
1397 1122 1456 1167 suo
1482 1107 1559 1166 vitio

287 1237 388 1282 suave
412 1221 505 1296 culpa
528 1237 563 1281 se
588 1221 716 1295 lapsum
740 1235 813 1281 esse
837 1220 1015 1297 intellegat,
1040 1222 1236 1295 poenitentia
1260 1221 1374 1295 corrigi
1399 1223 1432 1282 et
1451 1221 1559 1281 dolore

288 1334 442 1395 virtutem
466 1333 527 1394 sibi
551 1335 715 1408 acquirere
739 1349 802 1394 non
826 1336 913 1395 recte
937 1334 1080 1410 fingitur.

331 1448 451 1507 Verum
483 1448 575 1520 longe
606 1446 744 1506 maximi
775 1449 933 1506 momenti
966 1449 1045 1507 mihi
1078 1449 1203 1508 videtur
1234 1450 1294 1508 hoc
1318 1450 1557 1521 argumentum.

288 1561 455 1621 Sententia
485 1561 629 1620 virorum
661 1561 828 1620 doctorum
859 1562 898 1621 K.
930 1561 965 1621 O.
998 1561 1121 1638 Mulier,
1154 1562 1189 1622 G.
1222 1562 1358 1637 Dronhe,
1384 1562 1411 1622 J.
1436 1562 1558 1638 (liram,

287 1690 386 1748 quam
415 1690 513 1748 supra
544 1675 640 1734 attuli
671 1679 739 1750 (,es
770 1675 815 1734 ist
841 1675 892 1735 ein
915 1675 1131 1748 griechischer
1155 1675 1306 1736 Gedanlre
1330 1677 1407 1736 dass
1430 1690 1560 1749 grossos

287 1788 363 1848 Leid
393 1789 444 1849 (116
472 1789 690 1849 menschliche
720 1789 822 1848 Natur
852 1789 976 1849 latitare
1000 1788 1065 1848 und
1091 1789 1258 1850 verklare'’
1283 1791 1344 1850 etc.
1371 1822 1411 1832 —
1440 1790 1559 1865 ,durch

286 1903 404 1963 Leidon
435 1917 475 1962 zu
506 1904 606 1964 tiefen
637 1904 894 1965 Gottesirieden”
929 1938 969 1947 -
1005 1920 1086 1980 ,une
1110 1902 1313 1978 purification
1336 1918 1395 1977 par
1416 1902 1449 1962 la
1475 1903 1557 1962 sout-

286 2017 428 2087 france”)
444 2011 475 2093 ¹),
491 2017 585 2092 plane
605 2017 688 2077 falsa
707 2020 740 2078 et
760 2033 859 2092 prava
880 2021 940 2079 est.
963 2019 1066 2095 Quam
1088 2017 1258 2090 diligenter
1269 2017 1431 2091 pensitare
1445 2032 1559 2092 operae

285 2131 426 2205 pretium
449 2131 574 2191 videtur
598 2134 765 2207 propterea
789 2132 871 2204 quod
896 2133 993 2206 caput
1013 2133 1045 2191 id
1066 2133 1117 2191 cst
1136 2131 1319 2191 communis
1340 2130 1378 2191 de
1400 2131 1559 2205 Oedipode

287 2244 461 2319 Sophocleo
493 2246 661 2318 opinionis.
693 2245 820 2320 Reliqui
851 2246 939 2306 enim
976 2247 1035 2306 viri
1066 2247 1151 2306 docti
1182 2261 1244 2305 non
1267 2248 1377 2320 aperte
1401 2245 1451 2321 iis,
1477 2260 1558 2318 quos

286 2357 363 2433 dixi,
387 2359 514 2418 assensi
533 2361 619 2434 sunt,
641 2359 699 2419 sed
722 2359 851 2420 illorum
874 2360 971 2418 verba
994 2359 1092 2419 tacite
1117 2358 1409 2434 confirmaverunt;
1431 2374 1508 2419 nam
1529 2359 1557 2417 si

286 2472 396 2531 nostra
427 2472 460 2532 in
484 2471 593 2532 fabula
617 2472 756 2548 Oedipus
781 2473 913 2533 sanctus
938 2473 1083 2548 habetur,
1109 2473 1276 2533 hominum
1299 2473 1427 2533 mentes
1450 2472 1558 2532 dolore

286 2585 319 2644 et
342 2585 438 2644 rebus
456 2583 603 2646 adversis
621 2587 767 2660 puriores
787 2589 819 2647 et
838 2587 1017 2647 sanctiores
1037 2585 1106 2646 fieri
1127 2586 1323 2647 Graecorum
1344 2588 1376 2646 et
1390 2585 1557 2660 Sophoclis

285 2698 391 2772 opinio
414 2699 512 2760 fuerit
533 2714 666 2761 necesse
689 2702 749 2761 est.
775 2700 877 2777 Quem
900 2701 1013 2761 tamen
1036 2700 1333 2776 anachronismum,
1356 2699 1411 2773 qui
1430 2700 1557 2777 dicitur,

285 2812 366 2872 duco
389 2813 423 2872 et
443 2811 642 2874 Christianos
665 2815 863 2875 sententiam
886 2813 947 2874 sibi
970 2813 1178 2873 notissimam
1199 2813 1281 2873 falso
1300 2816 1414 2887 poetae
1436 2813 1557 2874 Graeco

285 2926 439 2988 tribuisse
461 2942 518 3000 pro
541 2928 628 2987 certo
651 2926 762 2988 habeo.
778 2920 800 2998 2)

330 3041 401 3117 Ubi,
433 3056 564 3118 quaeso,
596 3040 650 3101 ubi
680 3042 713 3101 in
736 3041 855 3102 litteris
878 3041 1008 3102 Graecis
1032 3040 1130 3102 exilio
1152 3056 1350 3114 quemquam
1375 3042 1552 3101 correctum

284 3169 356 3216 esse
386 3155 562 3215 audimus?
593 3154 656 3215 Ubi
687 3155 777 3216 dolor
807 3154 958 3216 laudatur
989 3156 1022 3216 et
1054 3155 1223 3215 hominum
1250 3154 1328 3214 vitia
1351 3153 1555 3230 imminuere,

286 3254 422 3329 virtutes
442 3284 550 3330 creare
569 3268 619 3329 vel
639 3284 757 3342 augere
777 3269 935 3346 putatur?
956 3302 996 3311 -
1018 3268 1187 3341 Nusquam
1206 3268 1272 3328 tale
1288 3267 1363 3340 quid
1377 3268 1555 3342 reperimus

284 3383 317 3441 et
340 3382 461 3442 frustra
484 3384 615 3443 nostrae
638 3382 803 3456 religionis
827 3361 1003 3458 decretum,
1027 3382 1208 3443 secundum
1227 3383 1311 3455 quod
1332 3382 1421 3443 dolor
1439 3383 1555 3456 gaudio

284 3496 527 3569 anteponendus
546 3497 607 3571 est,
628 3498 712 3570 apud
733 3496 872 3557 Graecos
892 3495 1089 3568 quaerimus.
1110 3495 1222 3557 Graeci
1243 3496 1331 3556 enim
1344 3496 1395 3556 dei
1407 3496 1555 3573 puniunt,

283 3609 359 3682 quia
383 3609 535 3684 oderunt,
560 3610 696 3670 oderunt
719 3611 795 3683 quia
818 3609 899 3670 laesi
922 3612 1009 3685 sunt,
1035 3623 1097 3671 non
1122 3610 1214 3670 netas
1239 3611 1440 3670 vindicantes
1463 3610 1555 3670 iasve

284 3724 414 3783 tuentes
442 3725 498 3785 sed
528 3740 623 3785 suam
655 3725 806 3784 iniuriam
832 3725 1034 3800 ulciscentes,
1059 3739 1115 3798 pro
1138 3739 1197 3784 suo
1221 3724 1340 3784 honore
1364 3725 1554 3798 pugnantes.

329 3836 464 3898 Prorsus
483 3838 581 3911 igitur
600 3837 664 3898 alia
684 3853 796 3897 eorum
817 3837 968 3912 puniendi
989 3837 1071 3896 ratio
1091 3839 1141 3897 est
1160 3852 1198 3897 ac
1217 3837 1268 3896 dei
1289 3835 1554 3914 Christianorum,

285 3951 317 4009 et
341 3949 369 4009 si
393 3964 492 4023 quam
511 3967 580 4010 rem
602 3952 713 4011 eodem
736 3952 830 4010 modo
851 3952 1039 4025 tractarent,
1060 3950 1141 4010 alias
1161 3949 1200 4010 ob
1220 3965 1338 4010 causas
1357 3951 1403 4009 ita
1423 3953 1556 4024 agerent

285 4067 317 4123 et
336 4065 542 4138 proverbium
560 4065 699 4125 valeret:
728 4080 822 4139 ,cum
842 4066 904 4125 duo
925 4065 1012 4125 idem
1032 4064 1164 4139 faciunt,
1189 4078 1253 4124 non
1277 4064 1328 4123 est
1351 4063 1470 4124 idem.”
1495 4064 1555 4123 Hic

284 4237 503 4248 -α

317 4329 337 4389 ¹)
354 4333 404 4380 vid.
422 4346 480 4394 pag.
498 4336 513 4380 4
532 4347 570 4394 sq.

317 4411 338 4464 ’l
356 4413 428 4460 Idam
451 4415 554 4474 repperi
577 4440 610 4449 —
632 4413 678 4462 sed
695 4415 751 4461 sine
770 4413 928 4474 argumentis
945 4437 979 4447 —
996 4411 1065 4472 apud
1080 4413 1163 4459 virum
1178 4413 1355 4460 doctissimum
1372 4413 1402 4459 K.
1421 4412 1488 4458 Sitti.
1507 4411 1555 4458 Ge·

283 4492 399 4539 schichte
425 4492 471 4540 der
493 4493 671 4551 griechischen
693 4494 836 4540 Litteratur
852 4493 893 4539 bis
914 4492 961 4538 aui
977 4489 1120 4537 Alexander
1134 4491 1182 4548 111,
1202 4493 1263 4539 292:
1284 4494 1360 4555 „Wen
1377 4505 1437 4538 man
1456 4489 1556 4537 ireilich

283 4585 361 4630 sagon
379 4573 463 4619 wollte
480 4572 526 4618 der
543 4572 610 4618 Held
627 4573 664 4619 sei
682 4573 764 4619 durch
781 4573 827 4618 das
844 4572 961 4630 Ungliiclr
979 4571 1115 4629 geladtert,
1130 4572 1217 4618 wdrde
1235 4572 1370 4618 mandem
1384 4571 1491 4618 Dichter
1499 4571 1556 4617 eina

285 4653 438 4698 Ohristliohe
452 4653 513 4700 Idae
532 4650 714 4711 anldrtngen.''
