3536 5068
890 253 930 314 74

271 417 378 491 rende,
413 415 553 475 welches
586 415 620 474 in
654 414 727 473 dem
764 413 863 474 Stoffe
893 414 982 490 liegt,
1013 415 1122 475 indem
1152 416 1203 476 ein
1232 432 1294 477 ven
1318 419 1378 478 den
1402 418 1540 493 Erinyen

271 529 460 605 Veriolgter,
485 529 636 590 auidam
661 529 717 588 der
740 528 840 588 Fluch
864 530 1025 590 schwerer
1044 530 1157 590 Frevel
1178 531 1286 606 lastet,
1312 532 1394 591 nach
1418 532 1539 593 (lotter-

271 643 439 703 beschluss
462 643 584 702 zuletzt
606 643 639 701 in
663 643 736 702 dem
761 618 899 716 heiligen
923 643 1026 704 Haine
1050 643 1105 703 der
1124 644 1299 704 Gottinnen
1322 645 1456 706 Frieden
1478 646 1541 705 und

271 757 363 817 Ruhe
386 755 496 833 findet,
520 771 562 816 an
585 757 641 816 der
664 756 779 832 Statte,
793 756 844 816 dic
867 772 945 816 man
964 757 1027 817 mit
1044 758 1228 830 geheimem
1249 759 1375 820 Grauen
1399 760 1541 821 batrach-

270 871 337 932 tete
372 871 437 930 und
471 870 632 943 angstlich
662 870 759 945 mied,
793 885 854 929 von
878 871 983 931 seiner
1010 870 1128 931 Schuld
1152 871 1266 931 belreit
1289 872 1379 948 wird,
1405 874 1462 934 hat
1485 874 1542 934 der

269 984 400 1045 Dichter
431 983 627 1044 vertrefflich
657 984 822 1058 benutzt,''
858 986 890 1044 et
920 998 991 1057 pag.
1024 983 1105 1044 435:
1141 985 1197 1060 ,In
1224 985 1338 1045 Attila
1360 984 1461 1046 findet
1486 987 1543 1047 der

270 1099 530 1172 Ausgestossene
560 1097 745 1158 Auinahme
775 1098 850 1173 und,
874 1098 1033 1159 nachdem
1057 1113 1092 1157 er
1115 1098 1162 1157 im
1185 1098 1323 1171 heiligen
1348 1100 1463 1160 Bezirk
1487 1101 1543 1161 der

271 1212 470 1273 Eumeniden
493 1212 649 1273 entsuhnt
671 1213 710 1287 is,
735 1212 823 1272 seine
847 1211 1084 1273 Grabestlitte.”
1111 1211 1156 1273 (11.
1181 1227 1268 1273 anm.
1295 1214 1370 1274 200.

315 1326 349 1387 L.
374 1326 503 1402 Preller,
529 1325 652 1386 Griech.
677 1325 777 1399 Myth.
807 1325 841 1384 2Θ
860 1326 935 1386 auil.
959 1327 1001 1402 II,
1029 1327 1109 1387 346:
1141 1371 1246 1400 ,....
1271 1327 1311 1386 da
1331 1327 1381 1387 die
1401 1327 1542 1388 Unterir·

271 1440 403 1500 dischen
425 1439 495 1500 sich
519 1439 673 1500 versbhnt
695 1438 806 1512 aeigen
821 1482 828 1499 .
843 1483 850 1498 .
866 1483 872 1499 .
888 1439 917 1499 .’'
1099 1435 1103 1440 '

315 1555 398 1625 Aug.
420 1553 534 1613 Nauck
555 1552 589 1613 in
611 1552 710 1626 praef.
734 1552 879 1613 fabulae:
908 1552 977 1629 ,die
1000 1552 1206 1613 furchtbaren
1226 1552 1542 1616 Vollstreckerinnen

270 1667 441 1741 gottlicher
480 1666 617 1743 Straien,
653 1666 704 1726 die
738 1666 888 1742 Erinyen,
923 1666 1052 1726 werden
1088 1681 1128 1725 an
1164 1667 1232 1726 ihm
1268 1681 1307 1726 zu
1347 1670 1542 1730 versohnten

270 1781 501 1842 Eumeniden.'’

314 1895 355 1956 M.
380 1879 767 1972 Patrn,]itudessur1es
788 1895 965 1968 Tragiques
985 1894 1084 1954 Graes
1107 1894 1201 1969 1865,
1222 1908 1294 1968 pag.
1318 1895 1398 1956 218:
1424 1897 1470 1972 ,Il
1489 1898 1543 1957 n’a

270 2011 344 2085 plus
373 2025 435 2084 que
466 2010 495 2070 le
527 2009 705 2069 sentiment
735 2010 773 2068 de
801 2024 859 2069 son
884 2008 1032 2069 malheur
1055 2024 1134 2068 avec
1157 2008 1189 2068 la
1212 2008 1399 2070 conscience
1422 2011 1461 2070 de
1484 2026 1543 2071 son

270 2125 454 2199 innocence,
475 2125 508 2183 et
527 2124 607 2184 c’est
627 2138 704 2183 sans
722 2123 818 2183 doute
840 2138 876 2182 ce
897 2137 958 2195 que
978 2122 1008 2182 11
1028 2123 1121 2196 poete
1141 2137 1214 2196 grec
1235 2123 1367 2183 avculu
1381 2125 1543 2198 exprimer

270 2237 558 2310 allegoriquement
589 2250 629 2296 en
659 2236 789 2311 plaqant
820 2250 873 2295 ses
905 2235 1048 2295 derniers
1079 2237 1245 2294 momente
1276 2251 1354 2296 scus
1384 2237 1416 2297 la
1445 2238 1542 2310 garde

271 2353 328 2412 des
352 2351 496 2412 FurieS.'’

315 2463 395 2524 Paul
426 2464 464 2523 de
496 2463 587 2524 Saint
619 2463 737 2539 Victor,
770 2464 831 2524 Les
862 2464 954 2523 Deux
985 2463 1136 2536 Masques
1167 2464 1327 2539 1895,11,
1355 2464 1434 2524 16οε
1463 2464 1543 2540 ,Les

270 2578 429 2638 Divinitas
459 2577 639 2653 iarouches,
671 2578 726 2650 qui
756 2577 927 2637 l'habitent
957 2592 997 2637 ne
1028 2579 1169 2651 peuvent
1192 2577 1369 2651 l’effrayer;
1396 2576 1418 2636 11
1441 2592 1461 2637 1
1484 2577 1543 2637 1111

270 2707 308 2752 sa
337 2693 425 2766 pain,
445 2707 523 2752 avec
555 2692 643 2767 elles,
669 2693 749 2750 c’est
771 2691 841 2751 leur
865 2689 1062 2766 hospitalite,
1088 2690 1142 2763 qui
1167 2690 1355 2764 l’accueille,
1379 2690 1450 2749 leur
1473 2690 1542 2750 sein

270 2805 374 2878 gonfle
396 2804 436 2865 de
459 2804 554 2864 haine
578 2805 763 2865 s’attendrit
785 2818 865 2879 pour
888 2805 918 2864 le
942 2798 1116 2864 receuoir.”
1145 2802 1190 2864 cf.
1215 2803 1276 2864 lcci
1299 2818 1380 2877 quos
1404 2804 1542 2878 excripsi

269 2933 341 2993 pag.
367 2919 386 2977 4
410 2934 458 2992 sq.

314 3033 418 3093 Pudet
448 3047 526 3092 sane
557 3033 607 3092 tot
638 3032 716 3092 viris
746 3033 780 3092 in
810 3034 922 3092 nostra
953 3033 1023 3092 arte
1054 3033 1195 3092 summis
1225 3032 1370 3106 obloqui;
1395 3033 1541 3092 attamen

270 3149 351 3208 duas
382 3148 421 3208 ob
452 3162 568 3207 causas
598 3148 678 3207 haec
712 3147 817 3221 opinio
841 3147 1014 3207 reiicienda
1037 3162 1110 3207 esse
1133 3147 1213 3206 mihi
1238 3147 1374 3207 videtur.
1399 3145 1541 3221 Quarum

269 3262 372 3322 altera
391 3262 471 3322 haec
491 3262 552 3336 est,
572 3262 655 3333 quod
676 3276 780 3334 neque
799 3261 831 3320 in
851 3261 955 3334 priore
975 3259 1084 3320 fabula
1104 3260 1243 3334 Oedipus
1264 3275 1283 3320 a
1303 3260 1408 3319 Furiis
1431 3260 1543 3320 vexari

270 3377 386 3437 dicitur
416 3390 567 3449 usquam,
602 3409 641 3418 —
673 3377 710 3435 ut
741 3390 838 3449 supra
869 3375 1011 3434 vidimus
1044 3408 1081 3417 -
1116 3389 1219 3446 neque
1247 3374 1279 3433 in
1303 3373 1480 3447 posteriore
1504 3373 1543 3433 ab

268 3490 310 3550 iis
343 3490 490 3550 adiuvari
524 3489 607 3550 satis
637 3489 756 3549 diserte
787 3489 914 3564 dicitur,
953 3490 990 3549 ut
1028 3504 1106 3548 mex
1141 3488 1364 3548 demonstrare
1396 3488 1542 3548 conabor.

269 3604 389 3664 Deinde
415 3620 489 3664 vere
519 3605 590 3663 tota
614 3602 670 3662 illa
693 3603 856 3663 sententia
880 3617 899 3662 a
922 3602 1087 3676 Sophoclis
1112 3603 1221 3662 mente
1245 3601 1351 3662 aliena
1374 3604 1434 3662 est.
1458 3600 1541 3660 Nam

268 3719 408 3794 po'e'tam,
440 3718 495 3791 qui
526 3717 697 3777 Furiarum
720 3732 792 3778 raro
817 3719 853 3777 ut
875 3717 1048 3777 numinum
1072 3717 1112 3776 ad
1136 3716 1305 3776 arbitrium
1329 3732 1427 3776 suum
1450 3731 1542 3790 agen·

269 3832 352 3891 tium
377 3833 576 3893 mentionem
601 3831 713 3892 iecerit
737 3833 770 3891 et
792 3831 982 3904 plerumque
1007 3846 1117 3891 aarum
1140 3830 1235 3905 plane
1255 3831 1401 3891 oblivisci
1422 3831 1542 3904 soleat;

270 3946 324 4018 qui
355 3960 471 4006 nomen
504 3943 602 4024 ἐρινύς
633 3947 680 4006 111
714 3945 876 4006 interdum
909 3945 1092 4005 adhibuerit
1123 3945 1214 4018 quasi
1248 3960 1413 4018 nunquam
1449 3947 1542 4005 deam

269 4059 461 4134 indicasset;
493 4061 548 4133 qui
579 4076 642 4121 non
670 4061 840 4120 Furiarum
866 4059 971 4119 solum
997 4059 1053 4120 sed
1076 4058 1222 4118 omniurn
1248 4058 1381 4118 deorum
1405 4060 1543 4132 potesta-

268 4174 337 4232 tem
355 4173 512 4247 paulatim
534 4175 574 4235 ad
595 4175 681 4234 solos
701 4175 813 4234 lovem
831 4176 863 4234 et
883 4174 1066 4248 Apollinem
1091 4172 1219 4248 1111111,
1243 4206 1282 4214 -
1304 4187 1360 4232 cur
1379 4174 1545 4246 postrema

269 4286 301 4344 in
321 4286 486 4359 tragoedia
505 4287 570 4346 alia
589 4288 712 4348 ratione
732 4290 771 4348 de
790 4288 831 4347 iis
850 4288 996 4348 locutum
1018 4303 1090 4347 esse
1110 4288 1142 4347 et
1161 4302 1282 4346 nevam
1305 4287 1370 4347 illis
1390 4287 1543 4346 tribuisse

239 4423 241 4428 ·
268 4402 464 4474 potestatem
485 4403 648 4476 putemus,
670 4401 744 4460 licet
765 4416 806 4461 ex
826 4402 928 4475 ipsius
948 4403 1061 4475 poetae
1085 4401 1189 4460 verbis
1212 4403 1339 4460 mutata
1359 4401 1429 4460 eius
1449 4416 1542 4460 mens

269 4514 485 4575 demonstrari
503 4516 666 4587 nequeat?
687 4514 803 4591 Quodsi
826 4515 858 4575 in
879 4531 943 4575 una
964 4515 1073 4575 sabula
1089 4515 1249 4588 Oedipode
1269 4515 1355 4588 Rege
1376 4514 1414 4574 de
1436 4513 1541 4573 Furiis

267 4627 435 4703 tacuisset,
467 4629 499 4688 in
531 4630 643 4689 nostra
672 4628 838 4703 tragoedia
869 4630 947 4689 deas
977 4629 1051 4688 illas
1075 4630 1108 4689 in
1133 4629 1275 4688 medium
1301 4643 1376 4688 eum
1400 4627 1542 4702 prolerre
