3536 5068
892 295 932 351 60

589 449 684 512 δειναὶ
706 457 844 532 γυναῖκες
868 451 942 528 αἵδε,
965 450 1125 531 Γοργόνων
1150 452 1236 530 δίκην

588 565 780 644 φαιοχίτωνες
804 562 854 624 καὶ
875 563 1149 642 πεπλεκτανημέναι

589 685 715 750 πυκνοῖς
740 677 912 756 δράκουσιν,

275 807 355 866 quas
386 807 470 852 unus
495 792 626 854 Orestes
650 794 775 868 aspicit,
800 795 993 867 quapropter
1013 793 1132 852 iterum
1154 794 1241 852 chori
1265 794 1442 867 virginibus
1463 809 1547 854 asse·

275 909 384 966 verat:

587 1017 643 1079 οὐκ
666 1017 721 1078 εἰσὶ
746 1017 829 1092 δόξαι
853 1019 946 1078 τῶνδε
969 1019 1113 1097 πημάτων
1139 1017 1212 1096 ἐμοί·

585 1140 688 1207 σαφῶς
711 1130 766 1211 γὰρ
790 1131 855 1191 αἵδε
879 1131 988 1210 μητρὸς
1013 1130 1127 1211 ἔγκοτοι
1149 1132 1246 1202 κύνες.

319 1245 393 1305 Mox
423 1261 441 1304 e
472 1260 570 1306 scena
599 1247 676 1320 abit,
700 1251 737 1306 ut
765 1246 898 1319 effugiat
921 1247 1008 1320 deaS,
1032 1262 1114 1318 quas
1144 1261 1247 1319 neque
1274 1245 1415 1318 virgines
1433 1262 1549 1320 ‚neque

275 1360 473 1431 spectatores
493 1359 653 1432 aspiciunt
668 1352 698 1428 ¹).
720 1360 755 1417 ln
777 1360 926 1432 sequenti
945 1374 1019 1419 vero
1039 1359 1147 1418 fabula
1165 1360 1242 1419 deas
1256 1359 1404 1419 Orestem
1418 1360 1548 1434 Delphis

274 1475 504 1544 persequentes
534 1472 655 1532 nostris
685 1473 827 1545 ipsorum
861 1472 962 1530 oculis
987 1472 1136 1531 videmus
1160 1472 1370 1532 -Orestem
1395 1474 1549 1548 supplicis

274 1587 400 1660 ornatu,
424 1585 501 1645 deas
521 1585 661 1659 Harpyis
681 1585 807 1644 similes
826 1585 890 1644 nisi
911 1586 993 1658 quod
1011 1585 1080 1644 alas
1093 1601 1155 1644 non
1169 1585 1287 1645 habent
1300 1586 1402 1654 (lium.
1417 1587 1547 1646 40--45

275 1699 308 1758 et
337 1698 489 1768 47-55).
522 1701 691 1772 Ignoscere
723 1714 786 1758 non
818 1701 964 1772 possunt,
994 1700 1147 1772 praedam
1172 1715 1188 1758 e
1212 1699 1363 1758 manibus
1387 1700 1549 1759 dimittere

275 1811 398 1887 nolunt,
430 1814 463 1872 et
486 1828 560 1872 curn
584 1813 759 1887 paullisper
783 1813 940 1886 Apollinis
966 1828 1061 1886 opera
1088 1829 1203 1873 somno
1228 1815 1410 1890 vincuntur,
1434 1815 1548 1887 statim

275 1941 294 1985 a
314 1908 419 1985 matre
438 1925 571 2002 nefarie,
591 1927 629 1985 ut
648 1926 748 2002 aiunt,
770 1929 885 1986 necata
905 1926 945 1985 ad
961 1927 1155 1999 parricidam
1168 1928 1425 2000 persequendum
1439 1927 1548 2001 impel-

274 2038 385 2099 luntur
412 2040 620 2110 (rra-143).
646 2039 678 2099 Si
695 2041 829 2112 quando
854 2040 972 2113 praeda
996 2041 1111 2114 evasit,
1134 2042 1172 2099 ut
1195 2055 1292 2099 canes
1316 2041 1456 2100 venatici
1479 2042 1550 2100 eius

275 2155 415 2228 vestigia
445 2156 625 2228 sequuntur
657 2156 690 2214 et
720 2155 774 2214 ubi
806 2155 1009 2228 invenerunt,
1037 2155 1197 2227 hymnum
1221 2169 1329 2229 suurn,
1357 2155 1395 2213 ut
1417 2169 1548 2214 omnem

274 2281 408 2327 sensum
437 2267 652 2340 fiduciamque
676 2267 795 2326 misero
820 2268 962 2342 demant,
987 2269 1118 2328 cantare
1141 2267 1318 2326 instituunt
1340 2268 1548 2338 (305-400).

320 2383 387 2459 Quo
417 2384 510 2442 modo
535 2382 666 2442 Orestes
689 2382 869 2442 liberatur?
896 2415 935 2424 —
962 2381 1096 2441 Unusne
1120 2398 1137 2441 e
1161 2383 1288 2456 superis
1311 2382 1405 2441 Diras
1428 2381 1550 2441 diutius

274 2511 349 2556 eum
368 2497 519 2570 persequi
539 2498 655 2556 vetat?
677 2531 716 2538 -
738 2495 807 2556 Non
828 2498 883 2570 ita,
905 2509 981 2554 nam
1000 2511 1063 2555 non
1085 2496 1158 2555 aliis
1178 2496 1350 2556 oboediunt
1362 2495 1549 2555 numinibus

274 2609 329 2669 sed
363 2609 431 2668 suis
463 2609 615 2682 auspiciis
643 2613 676 2668 et
706 2624 766 2668 suo
795 2610 899 2668 marte
923 2623 1043 2682 poenas
1068 2609 1212 2682 exigunt,
1237 2608 1344 2668 scelus
1369 2608 1549 2682 vindicant;

274 2722 384 2795 itaque
408 2721 551 2781 Minerva
571 2724 604 2782 et
628 2723 752 2797 Apollo,
777 2723 831 2796 qui
852 2722 999 2782 Orestem
1024 2722 1180 2780 adiuvant
1203 2724 1235 2781 et
1253 2722 1388 2781 liberare
1408 2723 1549 2794 student,

275 2850 338 2893 non
365 2835 561 2908 potestatem
586 2851 681 2895 suam
705 2836 809 2895 Furiis
833 2837 1006 2910 opponunt,
1033 2850 1136 2908 neque
1157 2851 1176 2894 a
1194 2837 1270 2894 Iove
1290 2835 1338 2894 ita
1358 2837 1548 2895 mandatum

275 2963 347 3008 esse
371 2949 552 3022 declarant;
576 2949 678 3009 immo
703 2965 778 3009 vero
802 2951 875 3008 tum
898 2949 1042 3024 demum,
1067 2965 1143 3008 cum
1167 2949 1281 3009 Furiae
1304 2951 1403 3025 ipsae,
1424 2951 1461 3008 ut
1481 2949 1549 3008 iure
1575 2926 1577 2928 ¹

276 3064 434 3136 ageretur,
467 3077 621 3121 assensae
652 3064 739 3138 sunt,
772 3063 926 3123 iudicium
957 3064 1183 3137 committitur,
1217 3063 1250 3122 in
1281 3078 1343 3134 quo
1376 3062 1551 3123 Orestesa

276 3176 325 3234 dis
349 3177 474 3249 superis
498 3175 689 3250 defenditur,
717 3193 737 3236 a
761 3177 810 3236 dis
834 3177 945 3254 inieris
974 3179 1154 3237 accusatur.
1179 3175 1336 3235 Absolute
1360 3181 1470 3236 autern
1495 3191 1549 3235 reo

275 3289 369 3349 Dirae
404 3289 525 3348 frustra
560 3305 595 3349 se
628 3290 749 3349 vixisse
781 3293 815 3350 et
847 3291 954 3350 vivere
980 3290 1183 3363 hominisque
1208 3291 1327 3349 iniuste
1351 3289 1490 3349 absoluti
1514 3305 1549 3348 se

274 3417 440 3476 nunquam
464 3402 621 3463 oblituros
641 3419 713 3463 esse
734 3404 930 3479 exclamant,
953 3405 1009 3464 sed
1023 3404 1214 3476 mitigantur
1227 3403 1389 3462 Minervae
1402 3403 1550 3476 prudenti

275 3517 429 3592 oratione,
454 3532 535 3589 quae
555 3517 595 3576 iis
615 3518 797 3591 persuadet,
818 3532 857 3577 ne
877 3533 934 3591 per
954 3517 1099 3576 Atticam
1119 3518 1348 3576 succensentes
1369 3521 1401 3576 et
1422 3515 1549 3576 calami·

275 3632 362 3690 tates
392 3631 565 3690 afferentes
596 3631 889 3706 circumvagentur,
916 3645 1029 3690 verum
1053 3630 1210 3704 placatae,
1234 3633 1271 3689 ut
1295 3631 1373 3690 deae
1397 3630 1551 3706 δημοῦχοι,

274 3745 319 3804 ibi
342 3745 519 3805 considant.
544 3746 582 3804 ln
601 3746 699 3805 tertia
718 3745 779 3804 hac
799 3743 908 3804 fabula
927 3745 1043 3806 Furiae
1063 3759 1261 3817 quamquam
1282 3760 1344 3803 non
1356 3745 1445 3818 ipsae
1458 3745 1548 3803 litem

275 3859 462 3933 decernunt,
483 3873 597 3918 verum
617 3859 648 3917 id
670 3858 743 3917 aliis
756 3858 944 3932 concedunt,
958 3874 1020 3918 non
1035 3861 1145 3918 tamen
1159 3859 1289 3918 coactae
1302 3858 1359 3917 sed
1372 3857 1549 3917 Minervam

275 3973 453 4046 sapientiae
485 3973 580 4032 deam
613 3973 734 4032 iustam
759 3986 961 4045 aequamque
985 3972 1052 4032 iore
1078 3974 1167 4031 ratae
1194 3972 1236 4044 id,
1261 3974 1344 4044 quod
1368 3987 1466 4031 suum
1490 3975 1550 4046 est,

275 4084 348 4144 aliis
378 4085 588 4160 permittunt;
621 4101 724 4159 neque
747 4089 921 4159 postquam
947 4084 1037 4146 litem
1063 4085 1278 4158 perdiderunt,
1304 4101 1382 4144 suae
1405 4087 1551 4160 ipsarum

275 4197 429 4271 potestati
453 4197 588 4274 diiiisae,
613 4200 669 4258 sed
690 4199 836 4258 eiusdem
859 4198 1021 4257 Minervae
1044 4197 1177 4258 consilio
1197 4202 1363 4271 permotae
1386 4199 1434 4258 ira
1454 4200 1550 4260 desis·

311 4424 330 4492 ¹)
347 4430 468 4477 Nonnulli
492 4431 540 4477 viri
567 4431 635 4478 docti
663 4445 721 4478 oum
745 4432 777 4477 ab
801 4432 891 4478 Oreste
913 4433 969 4478 tum
992 4443 1006 4476 a
1030 4430 1220 4489 spectatoribus
1243 4432 1356 4490 conspici
1375 4429 1471 4487 Furias,
1489 4444 1553 4490 quas

276 4509 368 4555 chorus
393 4509 464 4555 solus
489 4509 576 4557 videre
602 4524 652 4556 nou
679 4512 771 4570 possit,
794 4511 963 4566 arbitrantur;
986 4512 1073 4556 utrum
1096 4511 1151 4556 iure
1175 4523 1206 4555 an
1227 4511 1328 4567 iniuria,
1344 4511 1482 4558 decernere
1503 4522 1553 4555 non

276 4587 366 4644 audeo,
384 4587 430 4634 sed
444 4587 534 4646 utique
551 4601 592 4635 me
610 4589 695 4636 iudice
714 4590 817 4636 Orestes
835 4589 993 4648 Aeschyleus
1011 4588 1081 4650 ipsas
1096 4588 1167 4634 videt
1181 4587 1243 4635 deas
1258 4603 1341 4648 neque
1355 4593 1384 4636 ut
1398 4585 1553 4649 Euripidem

276 4667 346 4730 dese,
364 4681 429 4726 quse
447 4681 497 4716 non
512 4669 614 4729 adsunt,
633 4684 738 4717 cernere
757 4684 784 4717 se
806 4669 895 4717 credit.
