3536 5068
897 265 937 324 28

319 429 390 489 Non
413 444 488 503 rogo
511 431 624 491 ratane
647 444 776 503 semper
799 427 896 488 fuerit
920 443 958 488 ea
981 427 1044 502 lex,
1070 442 1148 486 nam
1172 442 1209 488 eo
1233 427 1317 499 quod
1340 427 1465 500 perlata
1488 427 1548 500 est,

276 542 342 603 iarn
370 542 452 601 satis
475 543 723 603 Atheniensium
747 543 901 602 anostra
924 541 1088 601 diversam
1113 540 1310 601 sententiam
1334 540 1549 600 demonstrari

275 659 362 730 pute.
384 657 488 733 Quam
508 657 634 722 diverse
654 658 692 718 de
712 655 832 716 civium
847 671 924 729 erga
936 671 1006 715 rem
1018 654 1179 730 publicam
1198 653 1313 716 officiis
1325 653 1549 727 iudicaverint,

275 785 347 830 mes
381 786 507 845 quoque
542 787 561 832 a
596 772 725 833 Polluce
760 772 853 832 nobis
888 771 1028 830 traditus
1058 771 1192 845 probare
1222 770 1339 844 potest,
1371 768 1548 828 secundum

275 997 420 1058 ducenda
443 998 533 1058 salus
556 999 683 1073 publica
708 1033 748 1042 -
769 1013 874 1072 neque
895 1013 986 1058 amor
1006 1011 1109 1070 neque
1130 995 1381 1070 indulgentia-
1398 1009 1551 1068 suprema

276 1110 330 1170 lex
355 1113 434 1171 esto.

320 1223 400 1299 Quid
436 1225 594 1302 Socrates,
631 1226 748 1285 iniuria
779 1241 815 1285 se
847 1240 866 1284 a
898 1224 1004 1299 patria
1035 1223 1226 1284 damnatum
1259 1238 1331 1283 esse
1361 1223 1477 1282 ratus?
1509 1254 1548 1264 —

275 1339 442 1399 insontem
473 1355 509 1399 se
540 1341 646 1414 ipsum
679 1340 851 1415 iudicabat,
879 1355 898 1399 e
922 1353 1049 1400 carcere
1072 1338 1183 1412 fugere
1207 1339 1343 1413 peterat,
1367 1337 1424 1396 sed
1447 1335 1551 1396 noluit

274 1450 399 1524 legibus
430 1469 492 1513 nou
524 1455 764 1529 obtemperare:
797 1453 884 1513 vitae
916 1467 1062 1513 amorem
1087 1451 1165 1512 vicit
1188 1466 1280 1512 amor
1304 1451 1427 1524 patriae
1451 1448 1549 1520 (Crito

276 1582 343 1640 cap.
376 1567 423 1627 Xl
454 1570 488 1629 et
518 1569 602 1639 XII).
635 1568 715 1644 Quid
748 1567 896 1642 spartani
921 1582 995 1628 cum
1020 1567 1053 1626 in
1077 1580 1184 1640 pugna
1208 1565 1376 1625 Leuctrica
1400 1564 1550 1658 Spartam

275 1679 396 1740 victam
432 1695 514 1757 esse,
548 1682 670 1742 multos
699 1681 822 1741 milites
854 1681 1019 1756 cecidisse,
1052 1680 1222 1740 nonnullos
1253 1679 1446 1754 superstites
1477 1692 1549 1737 esse

274 1793 500 1854 audivissent?
522 1828 561 1837 —
584 1795 783 1856 Mortuerum
803 1796 956 1869 parentes
974 1794 1189 1869 laetabantur,
1210 1793 1361 1853 vivorum
1377 1791 1547 1865 lugebant:

272 1908 444 1980 pareutum
468 1923 613 1968 amorem
639 1908 716 1970 vicit
740 1923 832 1969 amor
854 1908 988 1984 patriae.
1015 1907 1110 1976 (Plut.
1135 1907 1168 1966 in
1195 1907 1263 1966 vita
1287 1907 1382 1980 ngas.
1408 1906 1471 1976 29).

267 2097 275 2110 ι
317 2020 429 2092 Aeque
449 2021 567 2080 mirum
589 2020 682 2081 nobis
704 2022 830 2082 videtur
849 2021 878 2080 si
899 2021 1014 2094 Lysias
1036 2035 1190 2094 magnum
1213 2020 1301 2079 ducit
1320 2020 1452 2095 crimen,
1466 2019 1549 2092 quod

274 2132 365 2193 Philo
388 2149 472 2193 anuo
496 2135 561 2193 403
585 2149 648 2194 non
673 2149 806 2194 omnem
829 2135 1001 2209 pecuniam
1021 2136 1053 2194 in
1074 2135 1179 2209 patria
1198 2134 1362 2194 liberanda
1379 2148 1550 2208 consump-

274 2248 354 2307 serit
366 2249 418 2324 31,
432 2247 450 2316 ἓ
464 2249 481 2307 7
493 2265 500 2308 z
513 2244 568 2327 ἐγὼ
582 2247 684 2307 τοίνυν
697 2245 845 2324 ἀποφανῶ
862 2248 982 2308 Φίλωνα
994 2245 1111 2308 τουτονί
1123 2245 1189 2327 περί
1201 2247 1336 2319 πλείονος
1347 2245 1549 2324 ποιησάμενον

274 2357 327 2437 τὴν
359 2357 443 2420 ἰδίαν
473 2358 638 2437 ἀσφάλειαν
666 2358 686 2440 ἢ
709 2359 760 2421 τὸν
783 2360 886 2422 κοινὸν
909 2370 961 2439 τῆς
983 2361 1095 2433 πόλεως
1119 2361 1263 2422 κίνδυνον
1286 2358 1337 2421 καί
1360 2357 1550 2441 ἡγησάμενον

273 2477 403 2552 κρεῖττον
438 2466 514 2533 εἶναι
548 2472 640 2534 αὐτὸν
672 2471 840 2547 ἀκινδύνως
870 2473 922 2551 τὸν
952 2475 1020 2555 βίον
1052 2475 1164 2555 διάγειν
1194 2470 1214 2554 ἢ
1245 2473 1299 2551 τὴν
1330 2472 1417 2534 πόλιν
1447 2472 1549 2545 σώζειν

274 2582 383 2663 ὁμοίως
406 2591 466 2658 τοῖς
490 2584 588 2659 ἅλλοις
612 2587 744 2660 πολίταις
767 2590 989 2651 κινδυνεύοντα.

320 2701 478 2760 Aristides
510 2717 587 2761 vero
622 2717 696 2762 cum
734 2704 822 2764 nullo
856 2704 1001 2765 admisso
1036 2705 1158 2764 scelere
1193 2704 1225 2762 in
1258 2703 1393 2764 exilium
1425 2703 1548 2763 missus

274 2815 371 2891 esset,
392 2815 475 2887 quod
495 2815 594 2875 nimis
614 2815 695 2876 bene
716 2817 755 2876 de
775 2818 881 2892 patria
901 2820 990 2878 esset
1009 2817 1157 2893 meritus,
1175 2817 1327 2878 odiumne
1339 2818 1372 2876 in
1384 2817 1546 2891 ingratam

273 2928 364 2988 illam
389 2928 556 2988 civitatem
581 2930 750 3003 concepit?
775 2964 815 2973 -
842 2931 949 2991 Immo
974 2931 1022 2990 vir
1045 2931 1109 3006 ille,
1134 2946 1229 3005 quem
1252 2931 1434 2991 Herodotus
1454 2930 1546 2991 Grae-

273 3043 342 3102 ciae
374 3042 533 3115 optimum
567 3043 599 3101 et
631 3043 852 3104 iustissimum
880 3044 982 3104 luisse
1005 3045 1172 3120 iudicavit,
1196 3045 1250 3104 ubi
1273 3044 1412 3119 patriam
1437 3045 1549 3105 contra

275 3156 391 3215 Persas
422 3155 575 3215 adiuvare
607 3158 725 3231 petest,
757 3173 832 3217 cum
866 3158 1082 3218 Themistocle
1110 3160 1275 3218 certamen
1300 3159 1381 3217 inire
1405 3174 1441 3218 se
1466 3157 1549 3217 velle

274 3268 352 3330 dicit
376 3264 510 3347 ὁκότερος
534 3263 633 3345 ἡμέων
656 3265 734 3329 πλέω
759 3267 861 3349 άγαθδι
884 3269 939 3348 τὴν
963 3270 1090 3350 πατρίδα
1114 3268 1265 3350 ἐργάσεται
1293 3272 1380 3342 (Her.
1405 3271 1458 3347 VI,
1485 3271 1547 3341 79).

319 3383 432 3454 Itaque
463 3382 491 3441 si
524 3382 596 3456 quis
627 3399 646 3442 a
678 3383 803 3444 civibus
826 3384 979 3443 iniuriam
1003 3399 1176 3458 perpessus
1201 3387 1233 3445 et
1257 3401 1274 3445 e
1298 3385 1402 3459 patria
1426 3385 1549 3446 electus

275 3509 332 3568 par
362 3496 431 3568 pari
462 3496 581 3557 referre
613 3498 733 3574 studet,
766 3498 795 3557 is
826 3498 859 3558 in
891 3497 1025 3558 Graecia
1052 3513 1116 3558 non
1139 3500 1247 3572 polest
1270 3498 1380 3559 haberi
1404 3498 1454 3559 vir
1476 3499 1549 3574 pius

275 3611 372 3682 atque
396 3610 562 3686 honestus,
592 3613 625 3670 et
648 3627 848 3685 quamquam
873 3612 1022 3672 excusari
1045 3612 1184 3672 fortasse
1209 3613 1316 3685 potest
1339 3611 1460 3688 odium,
1483 3612 1548 3672 lau·

275 3721 343 3781 dari
368 3725 454 3784 certe
474 3740 537 3784 uon
559 3726 675 3798 potest.
698 3724 897 3799 Quapropter
916 3726 1017 3785 etiam
1038 3726 1066 3784 si
1087 3725 1224 3785 exilium
1244 3725 1361 3785 fuisset
1380 3725 1549 3800 iniustum,

276 3836 359 3908 quod
383 3851 475 3914 nego,
507 3809 618 3898 tamen
641 3837 791 3914 Oedipus,
816 3839 870 3911 qui
894 3839 1034 3913 patriam
1060 3841 1259 3914 exsecratur,
1285 3840 1333 3898 vir
1356 3839 1428 3912 pius
1452 3841 1549 3913 atque

275 3950 425 4024 expiatus
449 3950 560 4010 haberi
582 3966 646 4010 non
670 3954 789 4024 posset.

319 4065 349 4134 3)
380 4062 501 4123 Verum
533 4063 644 4124 etiam,
667 4064 800 4125 maioris
833 4065 991 4126 momenti
1022 4065 1104 4125 mihi
1134 4065 1271 4142 videtur,
1300 4066 1384 4138 quod
1409 4065 1549 4140 Oedipus

274 4178 386 4236 nostra
408 4177 441 4235 in
465 4177 574 4237 fabula
597 4193 727 4252 semper
750 4179 860 4239 odium
885 4181 918 4240 et
940 4179 1074 4239 ultionis
1097 4178 1242 4240 studium
1266 4179 1437 4255 patefacit3
1462 4180 1549 4240 vitae

275 4306 339 4349 non
363 4291 427 4350 iam
453 4292 504 4351 est
527 4293 692 4367 appetens,
718 4307 734 4352 e
760 4293 828 4352 vita
850 4293 992 4366 migrare
1016 4308 1079 4353 non
1100 4292 1349 4370 molesteserct,
1371 4295 1549 4354 sedunum

275 4403 378 4463 adhuc
412 4405 502 4476 optat
534 4406 566 4464 et
597 4405 702 4479 cupit:
735 4421 872 4479 poenam
904 4405 1045 4466 filiorum
1077 4407 1110 4466 et
1140 4407 1273 4480 patriae.
1306 4406 1431 4480 Ubique
1462 4406 1550 4468 idem

276 4531 388 4576 senem
419 4517 550 4593 sentire,
582 4518 700 4591 ubique
728 4534 803 4578 eum
827 4520 876 4579 ira
899 4520 1056 4580 adversus
1079 4534 1157 4579 suos
1180 4520 1308 4580 incitari
1333 4521 1492 4596 videmus,
1517 4523 1550 4581 et

275 4643 475 4702 quamquam
510 4630 611 4690 animi
645 4631 736 4691 illam
767 4631 971 4692 affectionem
1005 4633 1118 4694 Graeci
1150 4633 1274 4706 antiqui
1305 4634 1411 4694 multo
1441 4634 1557 4693 minus.
