<?xml version="1.0" encoding="UTF-8"?>
<!DOCTYPE html PUBLIC "-//W3C//DTD XHTML 1.0 Transitional//EN"
    "http://www.w3.org/TR/xhtml1/DTD/xhtml1-transitional.dtd">
<html xmlns="http://www.w3.org/1999/xhtml" xml:lang="en" lang="en">
 <head>
  <title>
</title>
<meta http-equiv="Content-Type" content="text/html;charset=utf-8" />
  <meta name='ocr-system' content='tesseract 3.04.00' />
  <meta name='ocr-capabilities' content='ocr_page ocr_carea ocr_par ocr_line ocrx_word'/>
</head>
<body>
  <div class='ocr_page' id='page_1' title='image "./desophoclisoedi00hooygoog_0045.png"; bbox 0 0 3536 5068; ppageno 0'>
   <div class='ocr_carea' id='block_1_1' title="bbox 914 275 956 334">
    <p class='ocr_par' dir='ltr' id='par_1_1' title="bbox 914 275 956 334">
     <span class='ocr_line' id='line_1_1' title="bbox 914 275 956 334; baseline -0.024 0"><span class='ocrx_word' id='word_1_1' title='bbox 914 275 956 334; x_wconf 82' lang='lat'>34</span> 
     </span>
    </p>
   </div>
   <div class='ocr_carea' id='block_1_2' title="bbox 291 435 1568 4042">
    <p class='ocr_par' dir='ltr' id='par_1_2' title="bbox 294 435 1565 1087">
     <span class='ocr_line' id='line_1_2' title="bbox 295 435 1565 516; baseline -0.006 -15"><span class='ocrx_word' id='word_1_2' title='bbox 295 441 389 516; x_wconf 92' lang='lat' dir='ltr'>culpa</span> <span class='ocrx_word' id='word_1_3' title='bbox 412 456 447 502; x_wconf 87' lang='lat' dir='ltr'>se</span> <span class='ocrx_word' id='word_1_4' title='bbox 470 454 624 512; x_wconf 85' lang='lat' dir='ltr'>magnam</span> <span class='ocrx_word' id='word_1_5' title='bbox 648 439 710 498; x_wconf 87' lang='lat' dir='ltr'>sibi</span> <span class='ocrx_word' id='word_1_6' title='bbox 733 438 934 498; x_wconf 81' lang='lat' dir='ltr'>contraxisse</span> <span class='ocrx_word' id='word_1_7' title='bbox 958 437 1180 498; x_wconf 83' lang='lat' dir='ltr'>calamitatem</span> <span class='ocrx_word' id='word_1_8' title='bbox 1201 437 1368 511; x_wconf 86' lang='lat' dir='ltr'>cognovit:</span> <span class='ocrx_word' id='word_1_9' title='bbox 1390 437 1494 497; x_wconf 91' lang='lat' dir='ltr'>dilsne</span> <span class='ocrx_word' id='word_1_10' title='bbox 1512 435 1565 514; x_wconf 86' lang='lat' dir='ltr'>pia</span> 
     </span>
     <span class='ocr_line' id='line_1_3' title="bbox 295 550 1564 624; baseline -0.002 -11"><span class='ocrx_word' id='word_1_11' title='bbox 295 556 405 615; x_wconf 90' lang='lat' dir='ltr'>mente</span> <span class='ocrx_word' id='word_1_12' title='bbox 438 570 474 615; x_wconf 86' lang='lat' dir='ltr'>se</span> <span class='ocrx_word' id='word_1_13' title='bbox 507 553 696 613; x_wconf 80' lang='lat' dir='ltr'>submittit?</span> <span class='ocrx_word' id='word_1_14' title='bbox 726 553 900 613; x_wconf 87' lang='lat' dir='ltr'>deorumne</span> <span class='ocrx_word' id='word_1_15' title='bbox 931 567 967 611; x_wconf 88' lang='lat' dir='ltr'>se</span> <span class='ocrx_word' id='word_1_16' title='bbox 999 552 1098 612; x_wconf 86' lang='lat' dir='ltr'>tradit</span> <span class='ocrx_word' id='word_1_17' title='bbox 1129 551 1374 624; x_wconf 76' lang='lat' dir='ltr'>indulgentiae?</span> <span class='ocrx_word' id='word_1_18' title='bbox 1407 585 1448 594; x_wconf 92' lang='lat'><em>-</em></span> <span class='ocrx_word' id='word_1_19' title='bbox 1481 550 1564 611; x_wconf 88' lang='lat' dir='ltr'>Mors</span> 
     </span>
     <span class='ocr_line' id='line_1_4' title="bbox 294 665 1565 738; baseline -0.002 -11"><span class='ocrx_word' id='word_1_20' title='bbox 294 668 401 728; x_wconf 88' lang='lat' dir='ltr'>solum</span> <span class='ocrx_word' id='word_1_21' title='bbox 433 668 559 728; x_wconf 90' lang='lat' dir='ltr'>videtur</span> <span class='ocrx_word' id='word_1_22' title='bbox 589 667 753 727; x_wconf 87' lang='lat' dir='ltr'>solatium.</span> <span class='ocrx_word' id='word_1_23' title='bbox 777 666 964 726; x_wconf 80' lang='lat' dir='ltr'>Electraene</span> <span class='ocrx_word' id='word_1_24' title='bbox 992 665 1041 726; x_wconf 89' lang='lat' dir='ltr'>vel</span> <span class='ocrx_word' id='word_1_25' title='bbox 1065 665 1236 725; x_wconf 78' lang='lat' dir='ltr'>Philocteti</span> <span class='ocrx_word' id='word_1_26' title='bbox 1260 667 1394 738; x_wconf 89' lang='lat' dir='ltr'>prosunt</span> <span class='ocrx_word' id='word_1_27' title='bbox 1417 665 1506 726; x_wconf 93' lang='lat' dir='ltr'>dolor</span> <span class='ocrx_word' id='word_1_28' title='bbox 1532 666 1565 726; x_wconf 89' lang='lat' dir='ltr'>et</span> 
     </span>
     <span class='ocr_line' id='line_1_5' title="bbox 295 779 1564 852; baseline -0.002 -11"><span class='ocrx_word' id='word_1_29' title='bbox 295 782 448 843; x_wconf 88' lang='lat' dir='ltr'>miseria?</span> <span class='ocrx_word' id='word_1_30' title='bbox 480 782 581 842; x_wconf 88' lang='lat' dir='ltr'>Hisne</span> <span class='ocrx_word' id='word_1_31' title='bbox 610 782 642 841; x_wconf 94' lang='lat' dir='ltr'>in</span> <span class='ocrx_word' id='word_1_32' title='bbox 674 796 784 841; x_wconf 92' lang='lat' dir='ltr'>eorum</span> <span class='ocrx_word' id='word_1_33' title='bbox 817 781 926 841; x_wconf 91' lang='lat' dir='ltr'>animo</span> <span class='ocrx_word' id='word_1_34' title='bbox 959 781 1114 841; x_wconf 88' lang='lat' dir='ltr'>virtutem</span> <span class='ocrx_word' id='word_1_35' title='bbox 1145 779 1256 852; x_wconf 85' lang='lat' dir='ltr'>augeri</span> <span class='ocrx_word' id='word_1_36' title='bbox 1292 779 1342 838; x_wconf 89' lang='lat' dir='ltr'>vel</span> <span class='ocrx_word' id='word_1_37' title='bbox 1365 779 1456 840; x_wconf 88' lang='lat' dir='ltr'>nasci</span> <span class='ocrx_word' id='word_1_38' title='bbox 1480 779 1564 840; x_wconf 88' lang='lat' dir='ltr'>audi·</span> 
     </span>
     <span class='ocr_line' id='line_1_6' title="bbox 295 893 1565 970; baseline -0.002 -14"><span class='ocrx_word' id='word_1_39' title='bbox 295 897 394 957; x_wconf 88' lang='lat' dir='ltr'>mus?</span> <span class='ocrx_word' id='word_1_40' title='bbox 419 931 459 940; x_wconf 94' lang='lat'>—</span> <span class='ocrx_word' id='word_1_41' title='bbox 483 898 589 956; x_wconf 91' lang='lat' dir='ltr'>Immo</span> <span class='ocrx_word' id='word_1_42' title='bbox 614 912 688 956; x_wconf 90' lang='lat' dir='ltr'>vero</span> <span class='ocrx_word' id='word_1_43' title='bbox 709 899 741 956; x_wconf 93' lang='lat' dir='ltr'>et</span> <span class='ocrx_word' id='word_1_44' title='bbox 760 895 921 956; x_wconf 81' lang='lat' dir='ltr'>Electram</span> <span class='ocrx_word' id='word_1_45' title='bbox 943 897 976 956; x_wconf 94' lang='lat' dir='ltr'>in</span> <span class='ocrx_word' id='word_1_46' title='bbox 995 895 1100 970; x_wconf 89' lang='lat' dir='ltr'>patria</span> <span class='ocrx_word' id='word_1_47' title='bbox 1120 897 1153 955; x_wconf 92' lang='lat' dir='ltr'>et</span> <span class='ocrx_word' id='word_1_48' title='bbox 1172 895 1386 955; x_wconf 87' lang='lat' dir='ltr'>Philoctetem</span> <span class='ocrx_word' id='word_1_49' title='bbox 1405 894 1439 953; x_wconf 94' lang='lat' dir='ltr'>in</span> <span class='ocrx_word' id='word_1_50' title='bbox 1459 893 1565 954; x_wconf 89' lang='lat' dir='ltr'>insula</span> 
     </span>
     <span class='ocr_line' id='line_1_7' title="bbox 294 1010 992 1087; baseline -0.001 -17"><span class='ocrx_word' id='word_1_51' title='bbox 294 1011 423 1070; x_wconf 87' lang='lat' dir='ltr'>deserta</span> <span class='ocrx_word' id='word_1_52' title='bbox 445 1011 624 1087; x_wconf 83' lang='lat' dir='ltr'>asperiores</span> <span class='ocrx_word' id='word_1_53' title='bbox 647 1010 784 1070; x_wconf 90' lang='lat' dir='ltr'>reddunt</span> <span class='ocrx_word' id='word_1_54' title='bbox 807 1025 992 1070; x_wconf 88' lang='lat' dir='ltr'>aerumnae.</span> 
     </span>
    </p>

    <p class='ocr_par' dir='ltr' id='par_1_3' title="bbox 292 1120 1568 1878">
     <span class='ocr_line' id='line_1_8' title="bbox 338 1120 1564 1198; baseline -0.002 -17"><span class='ocrx_word' id='word_1_55' title='bbox 338 1123 506 1195; x_wconf 85' lang='lat' dir='ltr'>Nusquam</span> <span class='ocrx_word' id='word_1_56' title='bbox 527 1124 614 1185; x_wconf 90' lang='lat' dir='ltr'>dolor</span> <span class='ocrx_word' id='word_1_57' title='bbox 634 1124 799 1184; x_wconf 89' lang='lat' dir='ltr'>hominem</span> <span class='ocrx_word' id='word_1_58' title='bbox 819 1122 948 1184; x_wconf 89' lang='lat' dir='ltr'>attollit.</span> <span class='ocrx_word' id='word_1_59' title='bbox 972 1122 1061 1198; x_wconf 77' lang='lat' dir='ltr'>Quod</span> <span class='ocrx_word' id='word_1_60' title='bbox 1082 1123 1136 1195; x_wconf 89' lang='lat' dir='ltr'>qui</span> <span class='ocrx_word' id='word_1_61' title='bbox 1154 1121 1223 1183; x_wconf 87' lang='lat' dir='ltr'>fleri</span> <span class='ocrx_word' id='word_1_62' title='bbox 1235 1123 1370 1196; x_wconf 82' lang='lat' dir='ltr'>posset?</span> <span class='ocrx_word' id='word_1_63' title='bbox 1386 1121 1456 1181; x_wconf 90' lang='lat' dir='ltr'>Non</span> <span class='ocrx_word' id='word_1_64' title='bbox 1477 1120 1564 1181; x_wconf 92' lang='lat' dir='ltr'>enim</span> 
     </span>
     <span class='ocr_line' id='line_1_9' title="bbox 294 1235 1565 1310; baseline -0.001 -15"><span class='ocrx_word' id='word_1_65' title='bbox 294 1235 363 1296; x_wconf 93' lang='lat' dir='ltr'>iure</span> <span class='ocrx_word' id='word_1_66' title='bbox 394 1238 426 1296; x_wconf 98' lang='lat' dir='ltr'>et</span> <span class='ocrx_word' id='word_1_67' title='bbox 458 1237 574 1297; x_wconf 88' lang='lat' dir='ltr'>merito</span> <span class='ocrx_word' id='word_1_68' title='bbox 607 1238 662 1298; x_wconf 90' lang='lat' dir='ltr'>sed</span> <span class='ocrx_word' id='word_1_69' title='bbox 695 1237 735 1297; x_wconf 92' lang='lat' dir='ltr'>ad</span> <span class='ocrx_word' id='word_1_70' title='bbox 757 1237 891 1297; x_wconf 89' lang='lat' dir='ltr'>deorum</span> <span class='ocrx_word' id='word_1_71' title='bbox 916 1236 1085 1296; x_wconf 90' lang='lat' dir='ltr'>arbitrium</span> <span class='ocrx_word' id='word_1_72' title='bbox 1111 1237 1260 1297; x_wconf 87' lang='lat' dir='ltr'>homines</span> <span class='ocrx_word' id='word_1_73' title='bbox 1284 1237 1477 1310; x_wconf 90' lang='lat' dir='ltr'>puniuntur;</span> <span class='ocrx_word' id='word_1_74' title='bbox 1501 1250 1565 1296; x_wconf 92' lang='lat' dir='ltr'>non</span> 
     </span>
     <span class='ocr_line' id='line_1_10' title="bbox 294 1324 1568 1424; baseline -0.002 -14"><span class='ocrx_word' id='word_1_75' title='bbox 294 1349 379 1410; x_wconf 88' lang='lat' dir='ltr'>iuste</span> <span class='ocrx_word' id='word_1_76' title='bbox 403 1364 567 1423; x_wconf 85' lang='lat' dir='ltr'>aequeque</span> <span class='ocrx_word' id='word_1_77' title='bbox 591 1351 649 1411; x_wconf 88' lang='lat' dir='ltr'>sed</span> <span class='ocrx_word' id='word_1_78' title='bbox 671 1349 803 1410; x_wconf 88' lang='lat' dir='ltr'>libidine</span> <span class='ocrx_word' id='word_1_79' title='bbox 827 1352 860 1410; x_wconf 93' lang='lat' dir='ltr'>et</span> <span class='ocrx_word' id='word_1_80' title='bbox 883 1349 1006 1410; x_wconf 90' lang='lat' dir='ltr'>invidia</span> <span class='ocrx_word' id='word_1_81' title='bbox 1029 1350 1117 1410; x_wconf 91' lang='lat' dir='ltr'>ducti</span> <span class='ocrx_word' id='word_1_82' title='bbox 1141 1350 1185 1409; x_wconf 92' lang='lat' dir='ltr'>dii</span> <span class='ocrx_word' id='word_1_83' title='bbox 1209 1351 1318 1424; x_wconf 83' lang='lat' dir='ltr'>agunt.</span> <span class='ocrx_word' id='word_1_84' title='bbox 1343 1350 1457 1422; x_wconf 91' lang='lat' dir='ltr'>Itaque</span> <span class='ocrx_word' id='word_1_85' title='bbox 1476 1324 1568 1408; x_wconf 93' lang='lat' dir='ltr'>dolor</span> 
     </span>
     <span class='ocr_line' id='line_1_11' title="bbox 294 1463 1565 1540; baseline -0.001 -17"><span class='ocrx_word' id='word_1_86' title='bbox 294 1465 327 1523; x_wconf 94' lang='lat' dir='ltr'>et</span> <span class='ocrx_word' id='word_1_87' title='bbox 355 1464 530 1540; x_wconf 89' lang='lat' dir='ltr'>maestitia,</span> <span class='ocrx_word' id='word_1_88' title='bbox 558 1478 640 1536; x_wconf 91' lang='lat' dir='ltr'>quae</span> <span class='ocrx_word' id='word_1_89' title='bbox 664 1464 734 1523; x_wconf 86' lang='lat' dir='ltr'>sine</span> <span class='ocrx_word' id='word_1_90' title='bbox 758 1463 870 1536; x_wconf 89' lang='lat' dir='ltr'>aequis</span> <span class='ocrx_word' id='word_1_91' title='bbox 892 1463 1017 1536; x_wconf 88' lang='lat' dir='ltr'>legibus</span> <span class='ocrx_word' id='word_1_92' title='bbox 1044 1463 1114 1524; x_wconf 87' lang='lat' dir='ltr'>siue</span> <span class='ocrx_word' id='word_1_93' title='bbox 1137 1464 1213 1538; x_wconf 90' lang='lat' dir='ltr'>apto</span> <span class='ocrx_word' id='word_1_94' title='bbox 1238 1463 1371 1524; x_wconf 87' lang='lat' dir='ltr'>consilio</span> <span class='ocrx_word' id='word_1_95' title='bbox 1394 1463 1462 1524; x_wconf 92' lang='lat' dir='ltr'>viro</span> <span class='ocrx_word' id='word_1_96' title='bbox 1486 1463 1565 1524; x_wconf 90' lang='lat' dir='ltr'>acci·</span> 
     </span>
     <span class='ocr_line' id='line_1_12' title="bbox 293 1559 1565 1653; baseline -0.001 -16"><span class='ocrx_word' id='word_1_97' title='bbox 293 1577 381 1653; x_wconf 90' lang='lat' dir='ltr'>dant,</span> <span class='ocrx_word' id='word_1_98' title='bbox 412 1593 488 1636; x_wconf 92' lang='lat' dir='ltr'>eum</span> <span class='ocrx_word' id='word_1_99' title='bbox 519 1592 582 1637; x_wconf 94' lang='lat' dir='ltr'>non</span> <span class='ocrx_word' id='word_1_100' title='bbox 606 1577 733 1638; x_wconf 90' lang='lat' dir='ltr'>caelum</span> <span class='ocrx_word' id='word_1_101' title='bbox 758 1593 872 1638; x_wconf 84' lang='lat' dir='ltr'>versus</span> <span class='ocrx_word' id='word_1_102' title='bbox 895 1577 1014 1638; x_wconf 90' lang='lat' dir='ltr'>tollunt</span> <span class='ocrx_word' id='word_1_103' title='bbox 1040 1579 1097 1639; x_wconf 89' lang='lat' dir='ltr'>sed</span> <span class='ocrx_word' id='word_1_104' title='bbox 1121 1578 1269 1651; x_wconf 84' lang='lat' dir='ltr'>affligunt</span> <span class='ocrx_word' id='word_1_105' title='bbox 1292 1559 1332 1638; x_wconf 87' lang='lat' dir='ltr'>ad</span> <span class='ocrx_word' id='word_1_106' title='bbox 1355 1577 1471 1638; x_wconf 86' lang='lat' dir='ltr'>solum.</span> <span class='ocrx_word' id='word_1_107' title='bbox 1496 1576 1565 1636; x_wconf 89' lang='lat' dir='ltr'>Diis</span> 
     </span>
     <span class='ocr_line' id='line_1_13' title="bbox 293 1690 1565 1768; baseline -0.002 -17"><span class='ocrx_word' id='word_1_108' title='bbox 293 1708 368 1752; x_wconf 92' lang='lat' dir='ltr'>cum</span> <span class='ocrx_word' id='word_1_109' title='bbox 388 1690 574 1751; x_wconf 85' lang='lat' dir='ltr'>hominibus</span> <span class='ocrx_word' id='word_1_110' title='bbox 593 1693 707 1764; x_wconf 84' lang='lat' dir='ltr'>agendi</span> <span class='ocrx_word' id='word_1_111' title='bbox 727 1691 809 1751; x_wconf 88' lang='lat' dir='ltr'>ratio</span> <span class='ocrx_word' id='word_1_112' title='bbox 829 1692 942 1752; x_wconf 91' lang='lat' dir='ltr'>eadem</span> <span class='ocrx_word' id='word_1_113' title='bbox 964 1693 1025 1768; x_wconf 88' lang='lat' dir='ltr'>est,</span> <span class='ocrx_word' id='word_1_114' title='bbox 1047 1706 1129 1765; x_wconf 92' lang='lat' dir='ltr'>quae</span> <span class='ocrx_word' id='word_1_115' title='bbox 1150 1690 1292 1751; x_wconf 84' lang='lat' dir='ltr'>felicum</span> <span class='ocrx_word' id='word_1_116' title='bbox 1310 1706 1412 1767; x_wconf 90' lang='lat' dir='ltr'>mure,</span> <span class='ocrx_word' id='word_1_117' title='bbox 1426 1705 1565 1764; x_wconf 88' lang='lat' dir='ltr'>quocum</span> 
     </span>
     <span class='ocr_line' id='line_1_14' title="bbox 292 1804 1238 1878; baseline 0 -14"><span class='ocrx_word' id='word_1_118' title='bbox 292 1805 375 1866; x_wconf 90' lang='lat' dir='ltr'>ludit</span> <span class='ocrx_word' id='word_1_119' title='bbox 398 1806 573 1878; x_wconf 88' lang='lat' dir='ltr'>antequam</span> <span class='ocrx_word' id='word_1_120' title='bbox 597 1807 708 1865; x_wconf 88' lang='lat' dir='ltr'>necat:</span> <span class='ocrx_word' id='word_1_121' title='bbox 731 1805 844 1865; x_wconf 91' lang='lat' dir='ltr'>ludum</span> <span class='ocrx_word' id='word_1_122' title='bbox 869 1805 975 1865; x_wconf 91' lang='lat' dir='ltr'>dirum</span> <span class='ocrx_word' id='word_1_123' title='bbox 1001 1807 1034 1865; x_wconf 90' lang='lat' dir='ltr'>et</span> <span class='ocrx_word' id='word_1_124' title='bbox 1058 1804 1238 1865; x_wconf 80' lang='lat' dir='ltr'>crudelem!</span> 
     </span>
    </p>

    <p class='ocr_par' dir='ltr' id='par_1_4' title="bbox 291 1917 1564 2335">
     <span class='ocr_line' id='line_1_15' title="bbox 337 1917 1563 1994; baseline 0 -17"><span class='ocrx_word' id='word_1_125' title='bbox 337 1919 422 1978; x_wconf 81' lang='lat' dir='ltr'>Aiax</span> <span class='ocrx_word' id='word_1_126' title='bbox 452 1918 614 1978; x_wconf 87' lang='lat' dir='ltr'>Minervae</span> <span class='ocrx_word' id='word_1_127' title='bbox 646 1933 742 1993; x_wconf 90' lang='lat' dir='ltr'>opera</span> <span class='ocrx_word' id='word_1_128' title='bbox 774 1918 874 1977; x_wconf 89' lang='lat' dir='ltr'>miser</span> <span class='ocrx_word' id='word_1_129' title='bbox 904 1917 950 1994; x_wconf 86' lang='lat' dir='ltr'>lit,</span> <span class='ocrx_word' id='word_1_130' title='bbox 982 1918 1085 1978; x_wconf 91' lang='lat' dir='ltr'>adea</span> <span class='ocrx_word' id='word_1_131' title='bbox 1112 1919 1183 1992; x_wconf 89' lang='lat' dir='ltr'>ipsa</span> <span class='ocrx_word' id='word_1_132' title='bbox 1206 1917 1338 1992; x_wconf 85' lang='lat' dir='ltr'>fallitur,</span> <span class='ocrx_word' id='word_1_133' title='bbox 1363 1918 1440 1978; x_wconf 92' lang='lat' dir='ltr'>dum</span> <span class='ocrx_word' id='word_1_134' title='bbox 1464 1931 1500 1978; x_wconf 86' lang='lat' dir='ltr'>se</span> <span class='ocrx_word' id='word_1_135' title='bbox 1524 1918 1563 1977; x_wconf 90' lang='lat' dir='ltr'>ab</span> 
     </span>
     <span class='ocr_line' id='line_1_16' title="bbox 292 2030 1563 2108; baseline 0 -16"><span class='ocrx_word' id='word_1_136' title='bbox 292 2047 330 2092; x_wconf 91' lang='lat' dir='ltr'>ea</span> <span class='ocrx_word' id='word_1_137' title='bbox 360 2032 465 2092; x_wconf 89' lang='lat' dir='ltr'>iuvari</span> <span class='ocrx_word' id='word_1_138' title='bbox 496 2033 594 2108; x_wconf 90' lang='lat' dir='ltr'>retur,</span> <span class='ocrx_word' id='word_1_139' title='bbox 619 2034 652 2092; x_wconf 92' lang='lat' dir='ltr'>et</span> <span class='ocrx_word' id='word_1_140' title='bbox 673 2032 797 2106; x_wconf 87' lang='lat' dir='ltr'>gratias</span> <span class='ocrx_word' id='word_1_141' title='bbox 820 2031 849 2090; x_wconf 91' lang='lat' dir='ltr'>ei</span> <span class='ocrx_word' id='word_1_142' title='bbox 874 2031 981 2107; x_wconf 81' lang='lat' dir='ltr'>refert,</span> <span class='ocrx_word' id='word_1_143' title='bbox 1009 2047 1091 2105; x_wconf 87' lang='lat' dir='ltr'>quas</span> <span class='ocrx_word' id='word_1_144' title='bbox 1114 2031 1174 2092; x_wconf 88' lang='lat' dir='ltr'>dea</span> <span class='ocrx_word' id='word_1_145' title='bbox 1198 2030 1323 2106; x_wconf 88' lang='lat' dir='ltr'>accipit.</span> <span class='ocrx_word' id='word_1_146' title='bbox 1347 2030 1388 2090; x_wconf 85' lang='lat' dir='ltr'>Et</span> <span class='ocrx_word' id='word_1_147' title='bbox 1409 2031 1481 2105; x_wconf 88' lang='lat' dir='ltr'>ipsa</span> <span class='ocrx_word' id='word_1_148' title='bbox 1503 2031 1563 2092; x_wconf 92' lang='lat' dir='ltr'>dea</span> 
     </span>
     <span class='ocr_line' id='line_1_17' title="bbox 293 2145 1563 2222; baseline 0 -18"><span class='ocrx_word' id='word_1_149' title='bbox 293 2145 397 2204; x_wconf 90' lang='lat' dir='ltr'>virum</span> <span class='ocrx_word' id='word_1_150' title='bbox 421 2145 595 2206; x_wconf 89' lang='lat' dir='ltr'>mortalem</span> <span class='ocrx_word' id='word_1_151' title='bbox 613 2146 797 2219; x_wconf 90' lang='lat' dir='ltr'>decipiendo</span> <span class='ocrx_word' id='word_1_152' title='bbox 815 2147 1013 2219; x_wconf 88' lang='lat' dir='ltr'>potestatem</span> <span class='ocrx_word' id='word_1_153' title='bbox 1033 2161 1128 2206; x_wconf 90' lang='lat' dir='ltr'>suam</span> <span class='ocrx_word' id='word_1_154' title='bbox 1147 2161 1182 2206; x_wconf 90' lang='lat' dir='ltr'>se</span> <span class='ocrx_word' id='word_1_155' title='bbox 1196 2146 1365 2206; x_wconf 90' lang='lat' dir='ltr'>ostendere</span> <span class='ocrx_word' id='word_1_156' title='bbox 1378 2145 1563 2222; x_wconf 89' lang='lat' dir='ltr'>arbitratur,</span> 
     </span>
     <span class='ocr_line' id='line_1_18' title="bbox 291 2258 1564 2335; baseline 0.003 -18"><span class='ocrx_word' id='word_1_157' title='bbox 291 2259 338 2334; x_wconf 91' lang='lat' dir='ltr'>ut,</span> <span class='ocrx_word' id='word_1_158' title='bbox 359 2263 532 2332; x_wconf 88' lang='lat' dir='ltr'>postquam</span> <span class='ocrx_word' id='word_1_159' title='bbox 555 2259 646 2320; x_wconf 87' lang='lat' dir='ltr'>Aiaci</span> <span class='ocrx_word' id='word_1_160' title='bbox 671 2259 809 2319; x_wconf 88' lang='lat' dir='ltr'>mentita</span> <span class='ocrx_word' id='word_1_161' title='bbox 833 2259 893 2335; x_wconf 90' lang='lat' dir='ltr'>est,</span> <span class='ocrx_word' id='word_1_162' title='bbox 919 2258 1086 2333; x_wconf 84' lang='lat' dir='ltr'>exipsius</span> <span class='ocrx_word' id='word_1_163' title='bbox 1113 2275 1167 2320; x_wconf 89' lang='lat' dir='ltr'>ore</span> <span class='ocrx_word' id='word_1_164' title='bbox 1191 2259 1251 2320; x_wconf 93' lang='lat' dir='ltr'>hoc</span> <span class='ocrx_word' id='word_1_165' title='bbox 1276 2274 1372 2320; x_wconf 88' lang='lat' dir='ltr'>versu</span> <span class='ocrx_word' id='word_1_166' title='bbox 1395 2260 1564 2321; x_wconf 86' lang='lat' dir='ltr'>audimus:</span> 
     </span>
    </p>

    <p class='ocr_par' dir='ltr' id='par_1_5' title="bbox 482 2365 1198 2454">
     <span class='ocr_line' id='line_1_19' title="bbox 482 2365 1198 2454; baseline 0 -24"><span class='ocrx_word' id='word_1_167' title='bbox 482 2441 484 2445; x_wconf 23' lang='grc' dir='ltr'>Ι</span> <span class='ocrx_word' id='word_1_168' title='bbox 559 2367 640 2454; x_wconf 76' lang='grc' dir='ltr'><strong><em>ὁρᾷς,</em></strong></span> <span class='ocrx_word' id='word_1_169' title='bbox 658 2365 812 2448; x_wconf 80' lang='grc' dir='ltr'><em>Ὀδυσσεῦ,</em></span> <span class='ocrx_word' id='word_1_170' title='bbox 834 2368 888 2447; x_wconf 81' lang='grc' dir='ltr'>τὴν</span> <span class='ocrx_word' id='word_1_171' title='bbox 911 2376 993 2432; x_wconf 84' lang='grc' dir='ltr'><strong><em>θεῶν</em></strong></span> <span class='ocrx_word' id='word_1_172' title='bbox 1017 2370 1102 2450; x_wconf 79' lang='grc' dir='ltr'>ἰσχὺν</span> <span class='ocrx_word' id='word_1_173' title='bbox 1126 2370 1198 2450; x_wconf 72' lang='grc' dir='ltr'>ὅσης</span> 
     </span>
    </p>

    <p class='ocr_par' dir='ltr' id='par_1_6' title="bbox 336 2484 1563 2563">
     <span class='ocr_line' id='line_1_20' title="bbox 336 2484 1563 2563; baseline 0.003 -20"><span class='ocrx_word' id='word_1_174' title='bbox 336 2484 446 2561; x_wconf 92' lang='lat' dir='ltr'>Video,</span> <span class='ocrx_word' id='word_1_175' title='bbox 476 2485 647 2561; x_wconf 90' lang='lat' dir='ltr'>respondet</span> <span class='ocrx_word' id='word_1_176' title='bbox 678 2485 809 2546; x_wconf 91' lang='lat' dir='ltr'>Ithacae</span> <span class='ocrx_word' id='word_1_177' title='bbox 840 2501 907 2561; x_wconf 83' lang='lat' dir='ltr'>rex,</span> <span class='ocrx_word' id='word_1_178' title='bbox 942 2487 974 2546; x_wconf 89' lang='lat' dir='ltr'>et</span> <span class='ocrx_word' id='word_1_179' title='bbox 1004 2486 1156 2560; x_wconf 84' lang='lat' dir='ltr'>intellego</span> <span class='ocrx_word' id='word_1_180' title='bbox 1188 2487 1274 2563; x_wconf 92' lang='lat' dir='ltr'>deos,</span> <span class='ocrx_word' id='word_1_181' title='bbox 1299 2502 1425 2560; x_wconf 91' lang='lat' dir='ltr'>quoquo</span> <span class='ocrx_word' id='word_1_182' title='bbox 1450 2487 1563 2548; x_wconf 88' lang='lat' dir='ltr'>volunt</span> 
     </span>
    </p>

    <p class='ocr_par' dir='ltr' id='par_1_7' title="bbox 291 2599 1249 2907">
     <span class='ocr_line' id='line_1_21' title="bbox 291 2599 752 2675; baseline 0.007 -18"><span class='ocrx_word' id='word_1_183' title='bbox 291 2599 397 2675; x_wconf 93' lang='lat' dir='ltr'>modo,</span> <span class='ocrx_word' id='word_1_184' title='bbox 421 2599 571 2659; x_wconf 89' lang='lat' dir='ltr'>homines</span> <span class='ocrx_word' id='word_1_185' title='bbox 594 2600 752 2660; x_wconf 89' lang='lat' dir='ltr'>tractare:</span> 
     </span>
     <span class='ocr_line' id='line_1_22' title="bbox 559 2707 1218 2792; baseline 0.002 -22"><span class='ocrx_word' id='word_1_186' title='bbox 559 2707 618 2791; x_wconf 84' lang='grc' dir='ltr'>ὁρῶ</span> <span class='ocrx_word' id='word_1_187' title='bbox 641 2710 696 2792; x_wconf 80' lang='grc' dir='ltr'>γὰρ</span> <span class='ocrx_word' id='word_1_188' title='bbox 720 2707 798 2791; x_wconf 71' lang='grc' dir='ltr'><em>ἡμᾶς</em></span> <span class='ocrx_word' id='word_1_189' title='bbox 822 2709 911 2772; x_wconf 80' lang='grc' dir='ltr'>οὐδὲν</span> <span class='ocrx_word' id='word_1_190' title='bbox 935 2709 1022 2784; x_wconf 80' lang='grc' dir='ltr'><strong><em>ὄντας</em></strong></span> <span class='ocrx_word' id='word_1_191' title='bbox 1046 2709 1116 2772; x_wconf 71' lang='lat' dir='ltr'>&amp;lib</span> <span class='ocrx_word' id='word_1_192' title='bbox 1140 2710 1218 2790; x_wconf 73' lang='grc' dir='ltr'>πλὴν</span> 
     </span>
     <span class='ocr_line' id='line_1_23' title="bbox 559 2819 1249 2907; baseline 0.004 -24"><span class='ocrx_word' id='word_1_193' title='bbox 559 2819 651 2884; x_wconf 76' lang='grc' dir='ltr'><em>εἴδωλ’</em></span> <span class='ocrx_word' id='word_1_194' title='bbox 677 2824 818 2907; x_wconf 79' lang='grc' dir='ltr'><strong><em>ὅσοιπερ</em></strong></span> <span class='ocrx_word' id='word_1_195' title='bbox 842 2829 945 2905; x_wconf 81' lang='grc' dir='ltr'><em>ζῶμεν,</em></span> <span class='ocrx_word' id='word_1_196' title='bbox 967 2823 987 2906; x_wconf 72' lang='grc' dir='ltr'>ἢ</span> <span class='ocrx_word' id='word_1_197' title='bbox 1010 2826 1131 2904; x_wconf 81' lang='grc' dir='ltr'><em>κούφην</em></span> <span class='ocrx_word' id='word_1_198' title='bbox 1155 2825 1249 2886; x_wconf 81' lang='grc' dir='ltr'><strong><em>σκιάν.</em></strong></span> 
     </span>
    </p>

    <p class='ocr_par' dir='ltr' id='par_1_8' title="bbox 291 2937 1564 3457">
     <span class='ocr_line' id='line_1_24' title="bbox 337 2937 1562 3016; baseline 0.004 -21"><span class='ocrx_word' id='word_1_199' title='bbox 337 2938 519 3014; x_wconf 77' lang='lat' dir='ltr'>Quamnam</span> <span class='ocrx_word' id='word_1_200' title='bbox 543 2937 641 3011; x_wconf 86' lang='lat' dir='ltr'>igitur</span> <span class='ocrx_word' id='word_1_201' title='bbox 672 2939 711 2999; x_wconf 96' lang='lat' dir='ltr'>ob</span> <span class='ocrx_word' id='word_1_202' title='bbox 742 2957 876 3001; x_wconf 91' lang='lat' dir='ltr'>causam</span> <span class='ocrx_word' id='word_1_203' title='bbox 908 2942 1051 3001; x_wconf 88' lang='lat' dir='ltr'>Minerva</span> <span class='ocrx_word' id='word_1_204' title='bbox 1075 2941 1166 3002; x_wconf 89' lang='lat' dir='ltr'>Aiaci</span> <span class='ocrx_word' id='word_1_205' title='bbox 1189 2942 1383 3001; x_wconf 86' lang='lat' dir='ltr'>succenset?</span> <span class='ocrx_word' id='word_1_206' title='bbox 1408 2940 1562 3016; x_wconf 87' lang='lat' dir='ltr'>Malusne,</span> 
     </span>
     <span class='ocr_line' id='line_1_25' title="bbox 291 3051 1564 3133; baseline 0 -22"><span class='ocrx_word' id='word_1_207' title='bbox 291 3066 442 3125; x_wconf 91' lang='lat' dir='ltr'>nequam,</span> <span class='ocrx_word' id='word_1_208' title='bbox 478 3051 642 3126; x_wconf 89' lang='lat' dir='ltr'>improbus</span> <span class='ocrx_word' id='word_1_209' title='bbox 677 3052 763 3115; x_wconf 84' lang='lat' dir='ltr'>fuit?</span> <span class='ocrx_word' id='word_1_210' title='bbox 795 3088 836 3098; x_wconf 94' lang='lat'><em>-</em></span> <span class='ocrx_word' id='word_1_211' title='bbox 871 3055 940 3115; x_wconf 89' lang='lat' dir='ltr'>Non</span> <span class='ocrx_word' id='word_1_212' title='bbox 975 3055 1038 3130; x_wconf 88' lang='lat' dir='ltr'>ita;</span> <span class='ocrx_word' id='word_1_213' title='bbox 1078 3054 1135 3114; x_wconf 88' lang='lat' dir='ltr'>sed</span> <span class='ocrx_word' id='word_1_214' title='bbox 1166 3054 1277 3114; x_wconf 89' lang='lat' dir='ltr'>deerat</span> <span class='ocrx_word' id='word_1_215' title='bbox 1308 3053 1338 3114; x_wconf 91' lang='lat' dir='ltr'>ei</span> <span class='ocrx_word' id='word_1_216' title='bbox 1373 3053 1564 3133; x_wconf 80' lang='grc' dir='ltr'><em>σωφροσύνη,</em></span> 
     </span>
     <span class='ocr_line' id='line_1_26' title="bbox 291 3141 1562 3244; baseline 0.002 -19"><span class='ocrx_word' id='word_1_217' title='bbox 291 3166 459 3226; x_wconf 88' lang='lat' dir='ltr'>muliebris</span> <span class='ocrx_word' id='word_1_218' title='bbox 488 3166 521 3225; x_wconf 91' lang='lat' dir='ltr'>in</span> <span class='ocrx_word' id='word_1_219' title='bbox 556 3168 653 3228; x_wconf 91' lang='lat' dir='ltr'>heroe</span> <span class='ocrx_word' id='word_1_220' title='bbox 685 3169 789 3229; x_wconf 87' lang='lat' dir='ltr'>virtus</span> <span class='ocrx_word' id='word_1_221' title='bbox 805 3163 842 3244; x_wconf 84' lang='lat'>¹);</span> <span class='ocrx_word' id='word_1_222' title='bbox 875 3171 970 3230; x_wconf 91' lang='lat' dir='ltr'>deam</span> <span class='ocrx_word' id='word_1_223' title='bbox 1002 3169 1150 3243; x_wconf 84' lang='lat' dir='ltr'>offendit;</span> <span class='ocrx_word' id='word_1_224' title='bbox 1182 3169 1242 3229; x_wconf 89' lang='lat' dir='ltr'>dea</span> <span class='ocrx_word' id='word_1_225' title='bbox 1271 3167 1363 3229; x_wconf 88' lang='lat' dir='ltr'>laesa</span> <span class='ocrx_word' id='word_1_226' title='bbox 1385 3141 1449 3228; x_wconf 87' lang='lat' dir='ltr'>non</span> <span class='ocrx_word' id='word_1_227' title='bbox 1471 3169 1562 3228; x_wconf 90' lang='lat' dir='ltr'>curat</span> 
     </span>
     <span class='ocr_line' id='line_1_27' title="bbox 291 3278 1563 3359; baseline 0.002 -21"><span class='ocrx_word' id='word_1_228' title='bbox 291 3278 463 3356; x_wconf 87' lang='lat' dir='ltr'>iustitiam,</span> <span class='ocrx_word' id='word_1_229' title='bbox 488 3296 550 3341; x_wconf 90' lang='lat' dir='ltr'>uon</span> <span class='ocrx_word' id='word_1_230' title='bbox 575 3284 677 3357; x_wconf 87' lang='lat' dir='ltr'>rogat,</span> <span class='ocrx_word' id='word_1_231' title='bbox 702 3285 811 3344; x_wconf 87' lang='lat' dir='ltr'>utrum</span> <span class='ocrx_word' id='word_1_232' title='bbox 832 3284 919 3344; x_wconf 88' lang='lat' dir='ltr'>iusta</span> <span class='ocrx_word' id='word_1_233' title='bbox 940 3299 981 3344; x_wconf 92' lang='lat' dir='ltr'>an</span> <span class='ocrx_word' id='word_1_234' title='bbox 1000 3283 1129 3357; x_wconf 86' lang='lat' dir='ltr'>gravior</span> <span class='ocrx_word' id='word_1_235' title='bbox 1149 3283 1193 3342; x_wconf 87' lang='lat' dir='ltr'>ait</span> <span class='ocrx_word' id='word_1_236' title='bbox 1212 3297 1325 3359; x_wconf 88' lang='lat' dir='ltr'>poena,</span> <span class='ocrx_word' id='word_1_237' title='bbox 1344 3283 1402 3343; x_wconf 91' lang='lat' dir='ltr'>sed</span> <span class='ocrx_word' id='word_1_238' title='bbox 1423 3282 1563 3343; x_wconf 85' lang='lat' dir='ltr'>vindicat</span> 
     </span>
     <span class='ocr_line' id='line_1_28' title="bbox 292 3395 643 3457; baseline 0.009 -3"><span class='ocrx_word' id='word_1_239' title='bbox 292 3395 325 3454; x_wconf 90' lang='lat' dir='ltr'>et</span> <span class='ocrx_word' id='word_1_240' title='bbox 347 3395 490 3454; x_wconf 90' lang='lat' dir='ltr'>amicum</span> <span class='ocrx_word' id='word_1_241' title='bbox 514 3397 643 3457; x_wconf 90' lang='lat' dir='ltr'>monet:</span> 
     </span>
    </p>

    <p class='ocr_par' dir='ltr' id='par_1_9' title="bbox 558 3505 1178 3698">
     <span class='ocr_line' id='line_1_29' title="bbox 870 3505 1178 3590; baseline -0.003 -21"><span class='ocrx_word' id='word_1_242' title='bbox 870 3509 940 3582; x_wconf 78' lang='grc' dir='ltr'><em>τοὺς</em></span> <span class='ocrx_word' id='word_1_243' title='bbox 964 3505 996 3569; x_wconf 75' lang='lat' dir='ltr'>bl</span> <span class='ocrx_word' id='word_1_244' title='bbox 1018 3508 1178 3590; x_wconf 84' lang='grc' dir='ltr'><strong><em>σώφρονας</em></strong></span> 
     </span>
     <span class='ocr_line' id='line_1_30' title="bbox 558 3618 777 3698; baseline 0 -17"><span class='ocrx_word' id='word_1_245' title='bbox 558 3618 624 3681; x_wconf 76' lang='grc' dir='ltr'><em>θεοὶ</em></span> <span class='ocrx_word' id='word_1_246' title='bbox 649 3626 777 3698; x_wconf 78' lang='grc' dir='ltr'><strong><em>φιλοῦσι.</em></strong></span> 
     </span>
    </p>

    <p class='ocr_par' dir='ltr' id='par_1_10' title="bbox 291 3734 1566 4042">
     <span class='ocr_line' id='line_1_31' title="bbox 336 3734 1562 3815; baseline 0.003 -21"><span class='ocrx_word' id='word_1_247' title='bbox 336 3734 446 3808; x_wconf 89' lang='lat' dir='ltr'>Neque</span> <span class='ocrx_word' id='word_1_248' title='bbox 466 3735 554 3795; x_wconf 88' lang='lat' dir='ltr'>iusta</span> <span class='ocrx_word' id='word_1_249' title='bbox 574 3750 677 3809; x_wconf 90' lang='lat' dir='ltr'>neque</span> <span class='ocrx_word' id='word_1_250' title='bbox 698 3736 777 3796; x_wconf 91' lang='lat' dir='ltr'>bene</span> <span class='ocrx_word' id='word_1_251' title='bbox 797 3737 1000 3799; x_wconf 87' lang='lat' dir='ltr'>considerata</span> <span class='ocrx_word' id='word_1_252' title='bbox 1021 3738 1070 3799; x_wconf 90' lang='lat' dir='ltr'>ira</span> <span class='ocrx_word' id='word_1_253' title='bbox 1090 3739 1168 3799; x_wconf 92' lang='lat' dir='ltr'>deae</span> <span class='ocrx_word' id='word_1_254' title='bbox 1188 3740 1249 3815; x_wconf 89' lang='lat' dir='ltr'>est,</span> <span class='ocrx_word' id='word_1_255' title='bbox 1270 3754 1353 3812; x_wconf 91' lang='lat' dir='ltr'>quae</span> <span class='ocrx_word' id='word_1_256' title='bbox 1373 3753 1474 3800; x_wconf 91' lang='lat' dir='ltr'>unum</span> <span class='ocrx_word' id='word_1_257' title='bbox 1494 3739 1562 3798; x_wconf 87' lang='lat' dir='ltr'>tau·</span> 
     </span>
     <span class='ocr_line' id='line_1_32' title="bbox 291 3849 1566 3914; baseline 0.003 -7"><span class='ocrx_word' id='word_1_258' title='bbox 291 3849 459 3909; x_wconf 87' lang='lat' dir='ltr'>tummodo</span> <span class='ocrx_word' id='word_1_259' title='bbox 478 3849 565 3909; x_wconf 92' lang='lat' dir='ltr'>diem</span> <span class='ocrx_word' id='word_1_260' title='bbox 588 3851 655 3910; x_wconf 89' lang='lat' dir='ltr'>viro</span> <span class='ocrx_word' id='word_1_261' title='bbox 676 3853 876 3912; x_wconf 87' lang='lat' dir='ltr'>succenseat.</span> <span class='ocrx_word' id='word_1_262' title='bbox 898 3851 959 3912; x_wconf 90' lang='lat' dir='ltr'>Per</span> <span class='ocrx_word' id='word_1_263' title='bbox 978 3866 1080 3912; x_wconf 91' lang='lat' dir='ltr'>unum</span> <span class='ocrx_word' id='word_1_264' title='bbox 1101 3851 1189 3913; x_wconf 90' lang='lat' dir='ltr'>enim</span> <span class='ocrx_word' id='word_1_265' title='bbox 1209 3853 1295 3912; x_wconf 92' lang='lat' dir='ltr'>diem</span> <span class='ocrx_word' id='word_1_266' title='bbox 1316 3852 1459 3914; x_wconf 86' lang='lat' dir='ltr'>Minerva</span> <span class='ocrx_word' id='word_1_267' title='bbox 1471 3851 1501 3912; x_wconf 92' lang='lat' dir='ltr'>ei</span> <span class='ocrx_word' id='word_1_268' title='bbox 1514 3853 1566 3912; x_wconf 87' lang='lat' dir='ltr'>est</span> 
     </span>
     <span class='ocr_line' id='line_1_33' title="bbox 291 3961 1563 4042; baseline 0.005 -22"><span class='ocrx_word' id='word_1_269' title='bbox 291 3961 446 4038; x_wconf 87' lang='lat' dir='ltr'>timenda,</span> <span class='ocrx_word' id='word_1_270' title='bbox 473 3977 536 4034; x_wconf 91' lang='lat' dir='ltr'>quo</span> <span class='ocrx_word' id='word_1_271' title='bbox 564 3963 615 4023; x_wconf 91' lang='lat' dir='ltr'>die</span> <span class='ocrx_word' id='word_1_272' title='bbox 634 3963 663 4023; x_wconf 87' lang='lat' dir='ltr'>si</span> <span class='ocrx_word' id='word_1_273' title='bbox 687 3963 767 4025; x_wconf 89' lang='lat' dir='ltr'>bene</span> <span class='ocrx_word' id='word_1_274' title='bbox 791 3965 852 4024; x_wconf 91' lang='lat' dir='ltr'>sibi</span> <span class='ocrx_word' id='word_1_275' title='bbox 876 3965 1009 4041; x_wconf 87' lang='lat' dir='ltr'>caverit,</span> <span class='ocrx_word' id='word_1_276' title='bbox 1033 3967 1147 4039; x_wconf 87' lang='lat' dir='ltr'>postea</span> <span class='ocrx_word' id='word_1_277' title='bbox 1170 3965 1278 4026; x_wconf 86' lang='lat' dir='ltr'>Pallas</span> <span class='ocrx_word' id='word_1_278' title='bbox 1301 3965 1469 4042; x_wconf 89' lang='lat' dir='ltr'>placabilis</span> <span class='ocrx_word' id='word_1_279' title='bbox 1492 3965 1563 4026; x_wconf 88' lang='lat' dir='ltr'>erit.</span> 
     </span>
    </p>
   </div>
   <div class='ocr_carea' id='block_1_3' title="bbox 335 4073 1564 4382">
    <p class='ocr_par' dir='ltr' id='par_1_11' title="bbox 335 4073 1564 4382">
     <span class='ocr_line' id='line_1_34' title="bbox 559 4073 1168 4164; baseline 0.005 -29"><span class='ocrx_word' id='word_1_280' title='bbox 559 4073 608 4159; x_wconf 70' lang='grc' dir='ltr'>ἐλᾷ</span> <span class='ocrx_word' id='word_1_281' title='bbox 630 4073 687 4157; x_wconf 80' lang='grc' dir='ltr'>γὰρ</span> <span class='ocrx_word' id='word_1_282' title='bbox 711 4075 803 4138; x_wconf 81' lang='grc' dir='ltr'>αὐτὸν</span> <span class='ocrx_word' id='word_1_283' title='bbox 825 4078 895 4162; x_wconf 74' lang='grc' dir='ltr'>τῇδε</span> <span class='ocrx_word' id='word_1_284' title='bbox 917 4075 949 4138; x_wconf 83' lang='grc' dir='ltr'>ἒν</span> <span class='ocrx_word' id='word_1_285' title='bbox 973 4073 1068 4162; x_wconf 70' lang='grc' dir='ltr'><strong><em>ἡμέρᾳ</em></strong></span> <span class='ocrx_word' id='word_1_286' title='bbox 1092 4079 1168 4164; x_wconf 67' lang='grc' dir='ltr'><strong><em>μόνῃ</em></strong></span> 
     </span>
     <span class='ocr_line' id='line_1_35' title="bbox 559 4189 1429 4269; baseline 0.003 -20"><span class='ocrx_word' id='word_1_287' title='bbox 559 4189 625 4262; x_wconf 77' lang='grc' dir='ltr'>δίας</span> <span class='ocrx_word' id='word_1_288' title='bbox 649 4189 778 4264; x_wconf 73' lang='grc' dir='ltr'><em>Ἀθάνας</em></span> <span class='ocrx_word' id='word_1_289' title='bbox 801 4198 889 4269; x_wconf 79' lang='grc' dir='ltr'><strong><em>μῆνις</em></strong></span> <span class='ocrx_word' id='word_1_290' title='bbox 1147 4191 1192 4254; x_wconf 77' lang='lat' dir='ltr'>Of.</span> <span class='ocrx_word' id='word_1_291' title='bbox 1220 4207 1266 4253; x_wconf 84' lang='lat' dir='ltr'>vs.</span> <span class='ocrx_word' id='word_1_292' title='bbox 1293 4192 1356 4252; x_wconf 81' lang='grc'>778</span> <span class='ocrx_word' id='word_1_293' title='bbox 1379 4207 1429 4267; x_wconf 82' lang='lat' dir='ltr'>sq.</span> 
     </span>
     <span class='ocr_line' id='line_1_36' title="bbox 335 4301 1564 4382; baseline 0.005 -22"><span class='ocrx_word' id='word_1_294' title='bbox 335 4301 434 4362; x_wconf 87' lang='lat' dir='ltr'>Recte</span> <span class='ocrx_word' id='word_1_295' title='bbox 458 4302 555 4376; x_wconf 85' lang='lat' dir='ltr'>igitur</span> <span class='ocrx_word' id='word_1_296' title='bbox 579 4303 721 4379; x_wconf 86' lang='lat' dir='ltr'>Mahaffy</span> <span class='ocrx_word' id='word_1_297' title='bbox 743 4319 815 4380; x_wconf 84' lang='lat' dir='ltr'>pag.</span> <span class='ocrx_word' id='word_1_298' title='bbox 841 4307 922 4366; x_wconf 81' lang='lat'>307:</span> <span class='ocrx_word' id='word_1_299' title='bbox 959 4305 1066 4382; x_wconf 82' lang='lat' dir='ltr'>,Thus</span> <span class='ocrx_word' id='word_1_300' title='bbox 1089 4305 1122 4365; x_wconf 93' lang='lat' dir='ltr'>iu</span> <span class='ocrx_word' id='word_1_301' title='bbox 1145 4305 1212 4365; x_wconf 83' lang='lat' dir='ltr'>thie</span> <span class='ocrx_word' id='word_1_302' title='bbox 1235 4305 1312 4381; x_wconf 87' lang='lat' dir='ltr'>play</span> <span class='ocrx_word' id='word_1_303' title='bbox 1336 4305 1405 4366; x_wconf 88' lang='lat' dir='ltr'>also</span> <span class='ocrx_word' id='word_1_304' title='bbox 1430 4305 1564 4382; x_wconf 75' lang='lat' dir='ltr'>religion</span> 
     </span>
    </p>
   </div>
   <div class='ocr_carea' id='block_1_4' title="bbox 291 4578 1565 4723">
    <p class='ocr_par' dir='ltr' id='par_1_12' title="bbox 291 4578 1565 4723">
     <span class='ocr_line' id='line_1_37' title="bbox 325 4578 1565 4646; baseline 0.005 -18"><span class='ocrx_word' id='word_1_305' title='bbox 325 4578 346 4646; x_wconf 81' lang='lat'>¹)</span> <span class='ocrx_word' id='word_1_306' title='bbox 364 4582 402 4629; x_wconf 83' lang='lat' dir='ltr'>of.</span> <span class='ocrx_word' id='word_1_307' title='bbox 421 4582 453 4629; x_wconf 88' lang='lat' dir='ltr'>de</span> <span class='ocrx_word' id='word_1_308' title='bbox 470 4583 547 4630; x_wconf 82' lang='lat' dir='ltr'>huius</span> <span class='ocrx_word' id='word_1_309' title='bbox 565 4584 683 4631; x_wconf 83' lang='lat' dir='ltr'>vocabuli</span> <span class='ocrx_word' id='word_1_310' title='bbox 700 4584 726 4631; x_wconf 80' lang='lat' dir='ltr'>vi</span> <span class='ocrx_word' id='word_1_311' title='bbox 743 4585 780 4631; x_wconf 80' lang='lat' dir='ltr'>ni.</span> <span class='ocrx_word' id='word_1_312' title='bbox 800 4587 857 4642; x_wconf 83' lang='lat'>586,</span> <span class='ocrx_word' id='word_1_313' title='bbox 876 4587 940 4633; x_wconf 71' lang='lat'><strong>1269</strong></span> <span class='ocrx_word' id='word_1_314' title='bbox 959 4589 986 4633; x_wconf 85' lang='lat' dir='ltr'>et</span> <span class='ocrx_word' id='word_1_315' title='bbox 1005 4585 1157 4646; x_wconf 81' lang='lat' dir='ltr'>praesertim</span> <span class='ocrx_word' id='word_1_316' title='bbox 1178 4586 1297 4645; x_wconf 79' lang='lat' dir='ltr'>6‘1‘1,ubi</span> <span class='ocrx_word' id='word_1_317' title='bbox 1315 4587 1378 4632; x_wconf 80' lang='lat' dir='ltr'>Aiax</span> <span class='ocrx_word' id='word_1_318' title='bbox 1394 4600 1454 4634; x_wconf 89' lang='lat' dir='ltr'>oum</span> <span class='ocrx_word' id='word_1_319' title='bbox 1471 4586 1565 4634; x_wconf 79' lang='lat' dir='ltr'>acerba</span> 
     </span>
     <span class='ocr_line' id='line_1_38' title="bbox 291 4661 1232 4723; baseline 0.002 -15"><span class='ocrx_word' id='word_1_320' title='bbox 291 4661 417 4708; x_wconf 73' lang='lat' dir='ltr'>exclamat</span> <span class='ocrx_word' id='word_1_321' title='bbox 434 4662 525 4708; x_wconf 85' lang='lat' dir='ltr'>ironia:</span> <span class='ocrx_word' id='word_1_322' title='bbox 546 4662 656 4720; x_wconf 74' lang='lat' dir='ltr'>,Quidni</span> <span class='ocrx_word' id='word_1_323' title='bbox 673 4678 719 4710; x_wconf 85' lang='lat' dir='ltr'>nos</span> <span class='ocrx_word' id='word_1_324' title='bbox 736 4665 810 4723; x_wconf 91' lang='lat' dir='ltr'>pueri</span> <span class='ocrx_word' id='word_1_325' title='bbox 826 4664 858 4710; x_wconf 81' lang='lat' dir='ltr'>ad</span> <span class='ocrx_word' id='word_1_326' title='bbox 876 4665 958 4712; x_wconf 84' lang='lat' dir='ltr'>instar</span> <span class='ocrx_word' id='word_1_327' title='bbox 976 4664 1085 4712; x_wconf 84' lang='lat' dir='ltr'>modesti</span> <span class='ocrx_word' id='word_1_328' title='bbox 1105 4662 1232 4712; x_wconf 82' lang='lat' dir='ltr'>flamus?”</span> 
     </span>
    </p>
   </div>
   <div class='ocr_carea' id='block_1_5' title="bbox 0 0 1772 5068">
    <p class='ocr_par' dir='ltr' id='par_1_13' title="bbox 0 0 1772 5068">
     <span class='ocr_line' id='line_1_39' title="bbox 0 0 1772 5068; baseline 0 0"><span class='ocrx_word' id='word_1_329' title='bbox 0 0 1772 5068; x_wconf 95' lang='lat' dir='ltr'> </span> 
     </span>
    </p>
   </div>
  </div>
 </body>
</html>
