3536 5068
840 217 881 277 87

222 383 285 441 tari
309 383 341 442 in
366 383 506 443 transitu
530 396 645 442 moneo
665 375 695 449 ¹).
720 380 924 456 Quamquam
947 396 1024 441 eum
1046 381 1135 454 prius
1159 380 1303 440 fabulam
1322 381 1493 441 inchoasse

224 498 291 556 veri
327 497 434 557 simile
469 498 530 571 est,
562 509 716 568 magnam
751 496 878 568 partem
906 509 992 568 eum,
1016 509 1091 554 cum
1119 494 1259 553 mortem
1284 495 1359 554 ante
1382 493 1493 553 oculos

222 610 366 686 haberet,
401 609 516 670 fecisse
548 608 693 680 arbitror,
724 607 772 667 111
802 609 839 667 ut
868 621 1000 681 prorsus
1031 607 1100 668 viro
1131 606 1319 667 doctissimo
1352 605 1492 680 Mahaffy

222 725 384 784 assentiar
417 724 430 782 1
464 722 527 782 803
559 721 728 781 scribenti:
764 721 797 796 ,1
828 720 942 794 hardly
973 720 1066 779 think
1090 720 1144 780 the
1169 721 1369 793 arguments,
1393 719 1492 778 based

221 853 262 896 on
294 839 337 896 its
360 837 469 911 purity
492 836 528 895 ol
552 837 657 894 metra
680 835 742 893 and
767 835 915 906 strength
939 832 974 894 of
994 833 1123 908 diction,
1148 832 1214 892 will
1238 833 1342 906 weigh
1364 833 1492 906 against

221 951 276 1009 the
312 951 442 1010 current
476 947 640 1021 tradition,
675 946 796 1006 backed
831 963 874 1021 up
904 947 947 1021 by
978 948 1033 1007 the
1064 949 1176 1021 strong
1198 946 1316 1020 feeling
1339 947 1375 1007 oi
1394 961 1492 1019 every

220 1063 333 1123 reader
354 1064 437 1123 from
463 1061 571 1121 Oicero
594 1063 628 1120 to
652 1076 710 1120 our
733 1061 805 1137 day,
830 1062 902 1120 that
926 1061 969 1120 its
993 1060 1151 1120 mildness
1174 1060 1237 1120 and
1257 1060 1403 1134 11111111,
1427 1074 1491 1131 nay

219 1193 301 1239 even
336 1177 380 1237 its
411 1176 586 1236 weariness
618 1175 653 1234 ol
679 1174 743 1249 life,
776 1174 893 1248 speaks
921 1176 976 1234 the
1000 1174 1075 1248 long
1098 1155 1287 1248 experienoe
1311 1173 1373 1234 and
1397 1174 1491 1233 sober

219 1291 417 1366 resignation
440 1290 476 1350 oi
495 1305 536 1349 an
560 1289 613 1349 old
637 1302 712 1348 man
736 1303 815 1348 near
837 1289 892 1348 the
916 1289 1047 1363 grave.”

265 1407 295 1475 2)
319 1405 452 1478 Propter
475 1403 682 1475 antiquorum
705 1399 966 1463 affirmationem.

263 1519 300 1577 In
335 1516 463 1576 fabulae
496 1517 689 1590 argumento
712 1515 870 1589 legimus:
902 1510 991 1574 liunt
1014 1512 1073 1594 ἤδη
1096 1513 1265 1596 γεγηρακὼς
1290 1509 1306 1574 ὅ
1329 1516 1489 1589 Σοφοκλῆς

216 1627 365 1707 ἐποίησεν,
398 1632 430 1689 11
465 1628 614 1690 Valerius
646 1627 809 1689 Maximus
844 1627 942 1705 (VIII,
978 1631 1007 1705 7,
1043 1631 1093 1700 12)
1118 1629 1248 1689 disertis
1273 1627 1380 1688 verbis
1402 1626 1488 1686 idem

219 1743 400 1804 contendit:

265 1856 457 1932 ,Sophocles
491 1871 617 1929 quoque
649 1855 825 1928 gloriosum
857 1873 932 1918 cum
963 1871 1073 1917 rerum
1103 1857 1221 1916 natura
1246 1855 1412 1916 certamen
1435 1856 1487 1914 ha·

217 1971 296 2047 buit,
331 1973 401 2030 tam
437 1970 572 2043 benigne
607 1968 745 2030 mirifica
779 1985 875 2045 opera
905 1970 961 2030 illa
995 1985 1055 2030 sua
1085 1969 1275 2045 exhibendo,
1311 1983 1409 2042 quam
1432 1967 1489 2027 illa

216 2084 366 2157 operibus
398 2084 467 2143 eius
491 2089 638 2157 tempora
662 2083 837 2144 liberaliter
861 2083 1146 2144 subministrando.
1178 2083 1279 2157 Prope
1307 2083 1394 2142 enim
1418 2097 1486 2142 cen·

217 2199 373 2257 tesimum
405 2213 527 2257 annum
551 2197 661 2270 attigit
684 2197 744 2257 sub
769 2199 876 2271 ipsum
901 2197 1076 2257 transitum
1101 2198 1140 2257 ad
1165 2200 1304 2257 mortem
1329 2196 1487 2272 Oedipode

218 2310 354 2371 Ooloneo
377 2311 513 2385 scripto;
540 2324 603 2382 qua
626 2309 695 2369 sola
719 2309 828 2369 fabula
851 2309 997 2370 omnium
1023 2310 1169 2370 eiusdem
1197 2310 1296 2369 studii
1318 2311 1487 2384 poetarum

217 2424 397 2498 praeripere
438 2423 576 2496 gloriam
618 2422 739 2497 potuit:
783 2424 878 2497 idque
921 2423 1067 2496 ignotum
1111 2439 1183 2484 esse
1225 2423 1364 2498 posteris
1401 2421 1489 2483 filius

217 2536 382 2610 Sophoclis
406 2537 527 2611 Iophon
551 2535 664 2611 noluit,
689 2536 836 2610 sepulcro
858 2537 970 2614 patris,
993 2553 1076 2609 quae
1104 2536 1215 2598 rettuli
1246 2537 1486 2612 insculpendo.’'

261 2650 382 2710 Omnes
401 2649 538 2722 denique
562 2651 744 2725 scriptores,
769 2654 823 2724 qui
847 2652 965 2712 falsam
993 2651 1269 2713 narratiunculam
1293 2653 1331 2712 de
1355 2651 1486 2724 Iophon·

215 2765 258 2824 tis
293 2763 498 2824 accusatione
534 2764 678 2840 tradunt,
712 2767 841 2838 poetam
877 2765 1099 2838 grandaevum
1134 2765 1166 2825 id
1197 2765 1353 2840 temporis
1386 2766 1418 2824 in
1449 2781 1488 2824 ea

214 2877 323 2938 fabula
358 2877 504 2937 iacienda
535 2879 730 2951 occupatum
760 2878 861 2938 fuisse
890 2879 1020 2938 addunt.
1054 2879 1190 2952 satyrus
1213 2879 1246 2939 in
1272 2880 1338 2938 vita
1361 2880 1485 2955 poetae,

216 2993 408 3064 Anonymus
432 2991 486 3063 qui
518 2989 646 3050 fabulae
670 2994 900 3064 argumentum
924 2993 1064 3067 scripsit,
1093 2991 1201 3052 Cicero
1227 2992 1391 3053 (1111111.
1417 3006 1487 3068 cap.

214 3104 284 3180 VII,
320 3104 477 3178 Apuleius
513 3104 669 3176 Apologia
707 3105 781 3180 298,
814 3105 898 3166 Plut.
931 3106 1007 3166 Mor.
1043 3107 1104 3166 785
1129 3107 1168 3182 A,
1193 3106 1244 3166 Ρ1.
1270 3106 1430 3167 Lucianus
1456 3107 1489 3167 in

217 3217 385 3278 Macrobiis
410 3231 478 3291 cap.
505 3217 557 3277 24.

261 3333 291 3401 3)
315 3331 449 3405 Propter
473 3331 640 3404 Iophontis
664 3331 828 3393 iudicium.

262 3445 452 3517 Iophontem
485 3444 568 3518 apud
597 3444 736 3505 curiales
760 3448 884 3520 patrem
909 3447 1091 3506 dementiae
1115 3447 1271 3523 arguisse,
1294 3447 1491 3522 poetamque

216 3557 341 3618 cantico
376 3558 511 3618 recitato
548 3559 734 3619 absolutum
770 3576 842 3619 esse
878 3561 1014 3634 satyrus
1050 3561 1293 3636 Peripateticus,
1330 3564 1367 3621 ut
1406 3562 1491 3624 satis

216 3674 330 3731 notum
356 3673 416 3748 est,
441 3671 582 3746 tradidit,
608 3675 736 3746 etpost
761 3689 834 3732 eum
860 3674 955 3733 multi
979 3674 1043 3734 alii.
1069 3674 1214 3749 Satyrus,
1240 3675 1304 3751 qui,
1326 3689 1387 3749 quo
1408 3677 1488 3737 tem·

216 3800 292 3859 pore
327 3785 474 3858 singulae
509 3787 676 3860 poetarum
713 3786 839 3846 fabulae
872 3791 963 3847 actae
995 3789 1114 3861 essent,
1146 3790 1267 3862 optime
1291 3793 1435 3871 noverat,
1460 3792 1487 3853 si

216 3898 373 3972 Oedipum
410 3897 584 3959 Coloneum
618 3899 686 3957 iam
721 3904 817 3959 antea
853 3915 872 3959 a
907 3902 1000 3973 poeta
1036 3901 1165 3961 doctam
1197 3917 1269 3962 esse
1294 3903 1488 3967 Aristoteles

215 4011 412 4088 tradidisset,
448 4026 511 4072 non
546 4010 736 4086 dubitasset,
773 4013 849 4084 quin
882 4015 1100 4074 narrationem
1125 4014 1215 4075 illam
1239 4016 1405 4078 refutaret.
1429 4018 1486 4079 Ve-

251 4275 272 4341 l)
289 4280 358 4325 Alias
375 4279 531 4326 imitationes
549 4280 706 4326 invenimus:

250 4358 327 4416 Soph.
346 4359 384 4404 El.
403 4359 451 4405 411
467 4371 522 4418 sqq.
542 4385 572 4392 —
591 4361 650 4406 Her.
669 4360 681 4404 I
703 4363 757 4407 108.
826 4361 887 4408 Oed.
906 4363 935 4408 R.
954 4363 1001 4408 989
1024 4389 1053 4396 -
1072 4364 1129 4409 Her.
1148 4364 1182 4410 iv
1203 4366 1258 4412 191.

344 4438 435 4496 fragm.
454 4440 501 4485 aab
520 4464 553 4473 -
570 4439 629 4485 Her.
649 4439 661 4484 I
679 4441 719 4485 94.
826 4440 888 4488 Oed.
908 4441 960 4486 Ool.
980 4442 1027 4488 331
1046 4467 1079 4476 -
1095 4444 1155 4489 Hor.
1174 4444 1200 4488 ΙΙ
1219 4445 1258 4490 Ob.

346 4516 437 4572 fragm.
456 4519 503 4564 420
524 4544 555 4552 -
573 4518 633 4564 Her.
651 4519 686 4564 IV
705 4521 743 4566 64.
821 4521 905 4579 hntig.
924 4523 971 4568 909
990 4547 1023 4555 -
1041 4523 1100 4570 Her.
1118 4523 1158 4570 ΙΙΙ
1176 4526 1231 4572 119.

345 4594 436 4642 111111.
455 4596 502 4642 111
522 4623 552 4631 -
570 4597 631 4644 Her.
650 4597 677 4645 11
695 4598 734 4646 55.
