3536 5068
905 247 945 307 18

291 411 439 473 credibile
472 411 608 488 videtur,
640 409 722 483 quod
753 411 826 470 tum
856 408 906 468 fas
936 408 1063 485 fuisset,
1096 409 1127 469 id
1159 409 1225 470 iarn
1257 425 1320 470 non
1352 409 1462 483 magni
1493 424 1565 470 esse

290 524 483 601 faciendum,
515 525 617 585 immo
647 539 779 597 prorsus
809 537 904 597 posse
936 522 1110 598 contemni,
1141 522 1217 584 licet
1245 523 1335 583 nulla
1359 538 1378 583 1
1401 525 1496 598 poeta
1519 523 1563 583 111-

288 638 412 699 dicetur
442 652 551 713 causa,
583 651 664 709 quae
695 637 828 696 deorum
855 635 1088 708 hominumque
1111 635 1277 710 opiniones
1299 637 1468 711 tantopere
1494 652 1561 696 mu·

289 753 418 812 tasset?
447 751 518 810 Non
547 750 610 824 ita;
643 749 732 823 prius
762 749 841 809 illud
870 748 1030 823 Apollinis
1061 748 1229 808 oraculum
1260 749 1364 822 priore
1394 750 1428 810 in
1451 750 1561 811 fabula

290 879 365 925 curn
396 863 567 937 Oedipodis
598 864 684 923 sorte
715 864 748 922 et
771 863 868 926 exilio
892 863 939 922 ita
963 863 1032 924 erat
1055 863 1274 940 coniunctum,
1299 841 1335 923 ut
1359 864 1420 924 hac
1443 863 1476 923 in
1499 866 1561 924 tra·

290 978 403 1052 goedia
432 991 535 1049 neque
565 978 678 1052 poetae
708 975 741 1036 id
762 976 932 1050 neglegere
955 975 1092 1052 licuerit,
1116 991 1220 1049 neque
1246 979 1445 1051 spectatores
1467 979 1563 1054 plane

291 1091 361 1152 eius
388 1091 454 1150 iam
481 1089 628 1150 oblivisci
651 1090 823 1165 potuerint.
846 1090 922 1149 11111·
943 1104 1018 1150 vero
1039 1105 1096 1150 cur
1120 1089 1260 1165 Oedipus
1280 1105 1383 1163 neque
1404 1092 1561 1152 adversus

290 1205 452 1265 Theseum
475 1217 578 1275 neque
602 1205 759 1263 adversus
783 1201 952 1264 Creontem
972 1203 1137 1264 contendit
1157 1203 1345 1277 religionem
1366 1220 1440 1265 oum
1465 1208 1561 1269 antea

290 1333 353 1378 non
385 1317 485 1377 fuisse
517 1331 660 1392 oausam,
692 1316 865 1388 quominus
896 1316 1120 1394 expelleretur,
1152 1320 1225 1376 tum
1254 1317 1287 1378 id
1318 1320 1475 1394 temporis
1497 1335 1560 1380 non

290 1432 429 1508 obstare,
449 1447 490 1492 ne
509 1432 644 1492 redeat?
664 1431 726 1492 Cur
745 1432 893 1492 consulto
913 1432 946 1492 et
971 1447 1016 1492 vs.
1039 1433 1102 1492 440
1123 1448 1191 1507 sqq.
1213 1433 1288 1494 silet
1304 1435 1398 1496 etus
1414 1437 1559 1508 770sqq.

290 1546 377 1606 tacet
404 1548 436 1606 et
459 1561 508 1605 vs.
536 1546 619 1606 1357
644 1560 713 1619 sqq.
736 1545 900 1621 praeterit,
925 1560 1022 1619 quem
1046 1545 1219 1623 adfinem,
1245 1562 1307 1620 quo
1331 1549 1464 1609 tandem
1488 1564 1558 1609 eon·

291 1659 363 1720 silio
386 1675 404 1718 e
427 1658 531 1733 patria
554 1659 597 1718 sit
620 1659 800 1733 expulsus?
827 1692 866 1701 -

336 1772 457 1849 Quibus
498 1772 594 1832 rebus
633 1771 842 1832 consideratis
877 1772 1106 1846 perpensisque
1142 1773 1396 1834 concludendum
1433 1776 1560 1836 videtur

291 1887 470 1946 secundum
501 1886 552 1945 ius
580 1887 612 1945 et
635 1884 686 1944 fas
709 1885 866 1944 miserum
890 1900 1001 1958 regem
1025 1900 1098 1946 esse
1123 1887 1297 1960 expulsum
1323 1888 1432 1961 itaque
1456 1904 1560 1962 neque

292 2000 462 2061 Creontem
494 2014 597 2072 neque
628 1998 814 2072 Polynicem
846 2013 950 2071 neque
980 1999 1068 2059 cives
1100 1999 1189 2059 exilii
1221 2003 1369 2061 auctores
1398 2001 1561 2062 habendos

291 2129 373 2189 esse,
405 2113 461 2173 sed
491 2112 718 2172 tantummodo
748 2112 880 2171 deorum
912 2111 1147 2173 immortalium
1179 2128 1300 2174 numen
1331 2115 1427 2187 atque
1453 2115 1560 2175 volun·

291 2228 404 2286 tatem.

335 2341 379 2399 At
413 2339 498 2399 enim
535 2353 607 2398 sero
641 2339 797 2412 expulsus
831 2341 883 2398 est
891 2357 898 2412 ;
930 2339 961 2399 id
993 2339 1121 2415 saltem,
1154 2340 1229 2413 quid
1260 2341 1390 2401 obiiciat
1419 2343 1559 2418 nescius,

293 2453 419 2514 Creonti
450 2453 630 2526 exprobrat.
663 2451 751 2527 Quod
781 2453 893 2511 tamen
923 2451 1046 2513 crimen
1076 2469 1179 2526 neque
1211 2454 1306 2528 longa
1332 2456 1447 2516 nititur
1470 2472 1561 2531 argu·

292 2567 490 2627 mentatione
509 2581 612 2639 neque
633 2566 790 2625 adversus
808 2565 913 2625 filium
933 2566 1075 2626 affertur.
1096 2567 1141 2626 Ut
1160 2582 1235 2628 vero
1256 2570 1368 2628 contra
1388 2568 1559 2631 Creontem

292 2681 331 2740 de
362 2681 517 2756 tempore,
545 2679 591 2738 111
615 2681 726 2738 eontra
749 2679 936 2752 Polynicem
959 2678 998 2739 de
1021 2679 1090 2753 ipso
1114 2680 1211 2740 exilio
1235 2681 1375 2755 Oedipus
1398 2683 1559 2759 queritur;

292 2793 381 2866 atqui
412 2793 472 2853 hoc
499 2793 543 2852 dii
565 2793 814 2868 imperaverant,
839 2793 894 2852 illa
916 2808 980 2852 non
1003 2793 1090 2853 iusta
1112 2793 1179 2854 irae
1203 2809 1302 2855 causa
1326 2797 1404 2856 erat.
1431 2795 1561 2857 Conclu-

292 2909 409 2968 damus
447 2907 545 2980 igitur
578 2921 711 2966 necesse
747 2908 807 2976 est,
843 2905 1000 2980 Oedipum
1036 2907 1186 2966 diuturno
1221 2908 1319 2968 exilio
1354 2910 1525 2971 efferatum
1542 2905 1561 2982 ¹)

292 3022 362 3081 sine
385 3021 472 3081 iusta
495 3035 593 3080 causa
616 3020 740 3092 patriae
763 3023 796 3079 et
819 3019 943 3079 civibus
967 3035 1157 3081 succensere
1182 3022 1215 3080 et
1237 3021 1404 3082 iracundia
1427 3025 1561 3098 odioque

260 3137 475 3210 permotum
508 3134 613 3207 iurgia
646 3134 755 3194 inania
790 3150 865 3194 oum
899 3135 1056 3195 adversus
1091 3133 1261 3194 Creontem
1296 3137 1368 3196 tum
1404 3138 1561 3198 adversus

293 3247 397 3308 filium
420 3247 571 3323 proferre.
595 3293 598 3299 .

328 3501 347 3565 ¹)
369 3504 407 3552 Cf.
430 3505 514 3552 Ervin
536 3505 633 3552 Bohde.
656 3505 764 3565 Psyche,
786 3505 934 3552 Seelencnlt
951 3507 1005 3552 und
1021 3506 1349 3564 Unsterblichkeltsglanbe
1365 3507 1411 3554 der
1429 3508 1563 3555 Griechon.

294 3586 359 3631 1894
376 3597 434 3644 pag.
453 3586 514 3630 536:
533 3583 663 3642 „Oedipus
678 3584 711 3629 ist
728 3584 873 3631 verwildert
889 3597 954 3642 gena
972 3585 1018 3631 wie
1035 3585 1164 3632 Philoctet
1181 3586 1207 3630 11
1224 3585 1322 3632 1111111
1339 3585 1421 3633 Ε111111
1432 3587 1446 3607 ”
