3536 5068
886 247 928 308 48

273 411 382 470 enim
424 410 715 485 perniciesuS,
758 411 827 483 qui
870 410 980 471 mala
1022 412 1206 472 consilia
1250 413 1541 474 ministrando

273 524 408 597 prima
451 523 654 584 malorum
697 524 880 584 exsistit
918 540 1065 602 causa,
1101 527 1296 587 homines
1329 527 1462 600 pellit
1495 530 1542 588 ad

274 637 510 698 audaciam.
738 613 741 620 ¹

319 751 438 812 Deinde
468 751 694 825 pulcherrimis
725 753 873 812 versibus
903 753 1055 829 pingitur,
1088 769 1150 827 quo
1183 755 1277 814 modo
1306 755 1476 815 immolata
1500 757 1544 815 sit

274 865 447 939 Iphigenia,
483 880 545 939 quo
580 866 674 926 modo
710 866 857 926 omnium
889 867 928 926 ad
961 868 1114 929 lacrimas
1149 869 1289 929 moverit
1322 871 1541 942 praesentium

218 989 221 997 '
274 979 411 1054 animos,
432 993 496 1052 quo
516 979 610 1038 modo
629 980 721 1053 pater
739 977 824 1040 filiae
841 995 877 1040 os
890 980 995 1041 claudi
1007 981 1149 1057 iusserit,
1166 997 1206 1041 ne
1219 981 1286 1055 ipse
1300 983 1333 1042 et
1345 984 1544 1056 spectatores

275 1089 413 1169 φθόγγον
435 1087 541 1168 ἀραῖον
565 1090 656 1162 οἴκοις
681 1096 739 1163 (vs.
766 1095 840 1164 247)
864 1095 1066 1154 exaudirent.

318 1204 411 1265 Unde
441 1204 516 1277 quid
547 1206 758 1266 metuendum
790 1208 843 1283 sit,
878 1208 994 1267 chorus
1020 1209 1160 1283 prudens
1192 1211 1288 1284 tacet,
1321 1209 1377 1269 sed
1401 1210 1461 1269 hoc
1484 1209 1545 1269 sibi

274 1321 422 1379 constare
446 1318 588 1378 declarat
611 1323 670 1389 (vs.
696 1321 789 1390 263):

587 1431 664 1490 Δίκα
688 1429 720 1492 δὲ
743 1438 803 1504 τοῖς
827 1430 880 1510 μὲν
904 1438 1023 1494 παθού-

587 1563 634 1606 σιν
659 1551 768 1623 μαθεῖν
793 1543 948 1626 ἐπιρρέπει.

319 1661 399 1721 Dea
430 1662 610 1722 iustitia
637 1663 830 1722 homines
853 1677 1029 1736 poenam
1054 1662 1341 1735 impertiendo
1366 1637 1545 1722 meliora

275 1775 398 1834 docet
421 1775 470 1846 (cf.
495 1777 570 1836 ante
594 1774 789 1836 sacrificium
813 1791 861 1835 vs.
889 1776 951 1836 186
977 1778 1069 1854 sqq.).

320 1889 431 1962 Ipsum
462 1890 573 1949 autem
604 1891 739 1950 chorum
768 1889 836 1963 regi
867 1904 926 1948 suo
957 1888 1122 1948 faventem
1155 1903 1229 1948 cum
1261 1891 1429 1963 tantopere
1460 1887 1546 1949 filiae

275 2004 390 2064 caedes
420 2005 618 2079 permoveat,
651 2018 712 2063 non
738 2004 788 2062 est
812 2002 1007 2076 mirandum,
1031 2002 1115 2074 quod
1139 2017 1230 2078 uxor,
1255 2004 1383 2076 prepter
1407 2001 1545 2075 impium

276 2117 424 2190 Aegisthi
446 2132 591 2177 amorem
616 2115 733 2175 marite
757 2115 885 2191 infesta,
910 2116 1042 2175 caedem
1066 2115 1251 2188 iphigeniae
1274 2117 1356 2189 patri
1381 2115 1545 2174 funestam

275 2230 341 2289 fere
365 2245 400 2290 se
424 2229 582 2304 suspicari
604 2228 682 2288 dicit
704 2232 763 2298 (vs.
786 2229 1094 2299 359).1mmeeum
1113 2230 1394 2301 Agamemnonem
1413 2228 1546 2289 salvum

229 2418 232 2425 Ι
275 2345 341 2402 iam
362 2345 394 2402 in
410 2343 550 2418 patriam
562 2342 736 2402 revertisse
753 2340 869 2400 chorus
881 2341 972 2417 vidit,
985 2341 1128 2402 nendum
1145 2344 1256 2402 tamen
1269 2357 1401 2402 omnem
1413 2342 1546 2416 deponit

277 2458 401 2516 metum
427 2460 485 2527 (vs.
511 2457 604 2525 9i8):
1102 2441 1105 2446 ’

631 2568 784 2643 πεύθομαι
808 2560 837 2624 δ’
864 2560 912 2625 ἀπ’
939 2562 1079 2644 ὀμμάτων

620 2679 747 2756 νόστον,
770 2679 955 2758 αὐτόμαρτυς
983 2679 1033 2740 de.

632 2792 682 2852 τὸν
707 2787 736 2853 δ’
764 2790 836 2854 ύνεο
860 2794 951 2873 λύρας
975 2793 1053 2872 ὅμως
1077 2793 1214 2880 ὑμνῳδεῖ

631 2912 750 2985 θρῆνον
768 2903 907 2987 Ἐρινύος
932 2907 1143 2981 αὐτοδίδακτος
1167 2908 1281 2970 ἔσωθεν

632 3019 742 3098 θυμός,

275 3137 370 3212 idque
401 3137 569 3211 propterea
593 3136 676 3208 quod
699 3135 883 3208 Iphigeniae
907 3137 1098 3208 sanguinem
1121 3137 1213 3197 humi
1237 3139 1378 3198 effusum
1402 3139 1546 3198 nendum

277 3251 445 3325 expiatum
469 3264 542 3310 esse
565 3249 765 3309 recordetur:

611 3359 643 3420 τὸ
667 3355 697 3420 δ’
724 3358 771 3420 ἐπὶ
793 3370 850 3440 γᾶν
874 3359 965 3421 πεσὸν
989 3360 1068 3434 ύπαξ
1091 3361 1263 3440 θανάσιμον
1347 3389 1350 3395 ·

610 3473 729 3552 πρόπαρ
753 3471 862 3553 ἀνδρὸς
886 3472 977 3552 μέλαν
1000 3469 1074 3553 αἷμα
1096 3475 1138 3548 τίς
1164 3473 1202 3535 δν

609 3586 699 3646 πάλιν
723 3583 901 3668 ἀγκαλέσαιτ’
928 3587 1090 3663 {curidum

323 3705 368 3766 (if.
392 3705 485 3764 Eum.
512 3703 586 3778 263,
612 3703 676 3762 650
692 3696 723 3772 ¹).

322 3818 449 3893 Omnia,
472 3831 555 3889 quae
578 3815 654 3889 dixi,
678 3815 857 3888 prodigium
882 3816 1000 3890 leporis
1024 3821 1057 3878 et
1081 3817 1274 3894 aquilarum,
1300 3821 1444 3879 mactata
1464 3819 1545 3894 Iphi·

277 3933 381 4008 genia,
405 3933 515 3991 metus
537 3931 571 3990 et
593 3945 670 3990 cura
693 3930 790 4006 chori,
817 3931 913 3991 verba
937 3934 969 3990 et
992 3933 1106 4006 probra
1129 3933 1258 4006 reginae
1282 3933 1364 3992 satis
1388 3948 1547 4008 superque

278 4047 421 4107 indicant
432 4059 530 4118 quam
543 4044 582 4104 eb
596 4059 728 4104 causam
738 4043 852 4104 Furiae
866 4046 905 4104 ab
916 4046 1159 4118 Agamemnone
1172 4061 1292 4120 poenas
1304 4047 1503 4120 sumpserint
1514 4039 1546 4116 2).

322 4161 416 4220 Dirae
451 4159 549 4232 igitur·
583 4173 639 4232 per
674 4157 952 4230 Clytaemnestrae
988 4174 1122 4219 manum
1157 4160 1313 4219 maritum
1348 4159 1548 4220 ulciscuntur

273 4455 278 4466 ,
312 4401 332 4471 ¹)
349 4406 403 4452 Hoc
421 4404 478 4450 loco
495 4404 572 4464 podia
589 4404 713 4451 vacabulo
732 4401 846 4468 „daupu”
865 4406 955 4459 utitur,
970 4419 1021 4465 quo
1036 4405 1119 4464 magis
1135 4405 1278 4452 communis
1294 4406 1328 4451 sit
1341 4405 1469 4451 sententia
1485 4416 1550 4451 neve

279 4488 367 4545 aperte
383 4483 511 4532 indicetur
527 4483 676 4544 Iphigeniae
695 4483 793 4531 caedes.

309 4559 331 4627 2)
355 4564 439 4610 Etiam
463 4563 532 4623 apud
555 4564 618 4610 alios
641 4564 731 4623 petitas
753 4563 892 4611 liberorum
910 4562 1001 4611 Furiae
1019 4568 1258 4622 commemorentur,
1276 4566 1308 4612 ci.
1327 4566 1431 4614 Hesiod.
1452 4565 1548 4622 Theog.

278 4644 334 4690 iti.
352 4643 440 4704 uurip.
458 4643 524 4690 Med.
545 4645 617 4690 1389.
635 4643 715 4691 Νοοο.
734 4644 808 4690 Dion.
826 4643 855 4690 X.
875 4645 915 4691 97.
