3536 5068
836 264 877 322 47

261 427 361 487 Senes
391 428 503 500 Argivi
531 429 606 487 ante
638 428 771 487 domum
801 427 924 500 regiam
956 428 1124 502 quaerunt,
1157 441 1239 499 quae
1268 441 1432 487 sacrorum
1459 428 1492 486 et

216 540 360 600 laetitiae
384 540 427 600 sit
450 556 549 601 causa
573 541 625 610 (83
650 543 748 616 sqq.);
769 539 990 600 numialsum
1011 540 1055 599 sit
1075 540 1239 617 gaudium,
1260 542 1392 614 rogant;
1414 555 1491 600 suos

216 653 372 714 sollicitos
396 669 468 714 esse
492 654 619 714 animos
642 653 855 727 pronuntiant
878 654 954 722 (100
974 655 1065 725 sqq).
1088 652 1339 727 Quamobrem
1361 653 1491 713 solliciti

217 767 317 826 sunt?
339 799 378 808 -
399 766 465 840 Ipsi
484 767 635 826 narrant:
660 780 736 824 cum
760 765 958 838 Argivorum
978 766 1094 824 classis
1118 765 1375 840 Peloponnesum
1400 766 1491 826 relin-

217 883 339 956 queret,
363 881 472 940 omina
494 879 641 954 luppiter
665 879 765 954 misit,
791 894 873 952 quae
898 879 1084 938 etiamnunc
1104 895 1160 939 eos
1180 881 1270 940 metu
1291 879 1490 955 compleant;

217 994 298 1054 duas
319 993 406 1053 enim
426 993 552 1067 aquilas
571 1008 667 1067 prope
688 1008 708 1052 a
727 992 823 1052 domo
844 993 932 1066 regia
951 993 1120 1066 gravidum
1134 993 1277 1066 leporem
1294 993 1490 1065 comedisse;

217 1122 280 1180 quo
320 1108 391 1166 viso
433 1107 575 1181 prodigio
611 1106 820 1167 calchantem
858 1105 987 1165 Troiam
1022 1108 1152 1181 captum
1189 1109 1222 1166 et
1257 1107 1417 1180 direptum
1453 1106 1493 1166 iri

217 1222 418 1294 Graecosque
442 1222 581 1282 victores
605 1237 622 1281 e
647 1220 731 1282 bello
756 1220 1145 1296 evasurospraedixisse,
1170 1220 1227 1280 sed
1247 1221 1361 1280 statim
1383 1220 1490 1281 adiun-

217 1337 306 1396 xisse
331 1335 456 1408 (egam.
486 1336 579 1405 lael:

532 1440 597 1507 οίον
620 1446 661 1525 μή
684 1470 726 1519 τις
749 1443 807 1528 όίγα
829 1446 943 1507 θεόθεν
965 1445 1079 1522 ιινεφό-

532 1577 568 1644 σῃ
592 1558 647 1620 ιιτί.

262 1676 432 1736 Utinam
467 1691 514 1735 ne
549 1676 718 1735 deorum
755 1674 920 1734 invidia
956 1677 996 1734 et
1031 1675 1094 1735 ira
1125 1674 1327 1736 Graecum
1359 1675 1489 1735 feriat

218 1790 473 1863 exercitum;
503 1788 682 1862 periculum
705 1789 793 1849 enim
820 1790 880 1864 est,
905 1804 946 1848 ne
973 1788 1076 1849 Diana
1099 1791 1221 1850 Atridis
1245 1791 1405 1851 irascatur
1414 1809 1421 1865 ;
1447 1790 1487 1850 cf.

218 1917 299 1976 quae
322 1903 474 1976 leguntur
497 1917 546 1962 vs
575 1903 635 1962 155
661 1917 751 1976 sqq:

398 2014 438 2092 μή
461 2037 542 2085 τινας
565 2011 744 2087 ἀντιπνόους
768 2016 900 2087 Δαναοῖς
924 2015 1043 2094 χρονίας
1068 2014 1218 2095 ἐχενηίδος
1243 2013 1338 2095 αόρας

396 2125 584 2207 σπευδομένα
607 2128 722 2189 θυσίαν
745 2124 846 2206 ἑτέραν
870 2123 985 2204 όίνομόν
1009 2123 1078 2206 τιν’,
1101 2125 1225 2190 όίόαιτον

399 2243 617 2321 ....τεόξη....

262 2356 435 2416 Utinam
458 2373 506 2417 ne
529 2357 660 2417 Diana
684 2356 826 2416 ventis
846 2355 1099 2416 cohibendis
1119 2357 1493 2430 Agamemnonem,

217 2474 262 2530 ut
295 2471 532 2531 contraius
556 2472 596 2531 et
619 2471 684 2531 fas
712 2484 830 2530 suam
854 2470 995 2530 filiam
1019 2469 1287 2543 Iphigeniam
1313 2470 1494 2545 mactet,

218 2586 486 2659 permoveat!

263 2697 341 2758 Post
359 2698 447 2757 Iovis
466 2697 607 2773 laudem,
627 2698 682 2770 qui
701 2698 870 2772 tantopere
890 2711 1004 2756 omnes
1024 2699 1057 2756 et
1077 2695 1187 2756 omnia
1199 2710 1351 2770 superare
1364 2694 1492 2768 dicitur,

219 2811 256 2869 ut
285 2811 354 2885 ipse
385 2825 469 2871 unus
502 2824 615 2870 secum
646 2811 690 2870 sit
717 2810 962 2885 comparandus
987 2810 1103 2870 chorus
1128 2809 1385 2882 Agamemnonis
1409 2806 1496 2867 canit

182 2961 185 2966 ι
219 2924 367 2984 animum
390 2925 424 2983 in
447 2923 607 2984 contraria
630 2925 853 2999 aestuantem
880 2923 987 2984 ventis
1011 2924 1099 2983 enim
1124 2922 1270 2983 adversis
1293 2921 1495 2991 navibusque

220 3038 323 3098 altum
358 3039 467 3112 petere
502 3038 670 3111 prohibitis
705 3037 759 3097 diu
791 3037 961 3112 dubitavit,
992 3038 1104 3096 utrum
1137 3036 1291 3110 hostiam,
1314 3049 1413 3107 quam
1436 3032 1497 3091 dea

219 3151 384 3226 postulare
416 3151 586 3226 diceretur,
617 3151 786 3226 mactaret,
820 3165 860 3210 an
893 3149 978 3210 filiae
1003 3150 1146 3211 salutem
1170 3163 1248 3209 suae
1273 3147 1498 3217 sociorumque

221 3264 341 3338 gloriae
366 3266 575 3340 anteponeret
600 3269 659 3336 (vs.
685 3265 777 3344 2162:

533 3380 638 3459 βαρεῖα
661 3374 715 3457 μὲν
739 3375 795 3456 κὴρ
820 3377 853 3439 τὸ
876 3375 916 3456 μὴ
941 3375 1090 3438 πιθέσθαι

535 3496 640 3574 βαρεῖα
665 3487 707 3572 δ’,
729 3493 756 3554 εί

533 3603 637 3666 τέκνον
661 3605 763 3685 δαίξοο,
786 3605 887 3684 δόμων
910 3603 1038 3686 όίγαίμα,

534 3719 662 3797 μιαίνων
685 3719 984 3800 παρθενοσφάγοισιν

534 3831 617 3912 ῥοαῖς
641 3833 796 3918 πατρῴους
819 3833 905 3914 χέρας
929 3832 1020 3905 πέλας
1044 3834 1158 3911 βωμοῦ.

266 3947 327 4007 Sed
347 3949 517 4021 paternum
539 3963 685 4010 amorem
708 3949 784 4009 vicit
804 3949 925 4023 gloriae
948 3948 1110 4022 studium;
1133 3960 1207 4005 cum
1229 3945 1368 4005 alterum
1389 3943 1502 4002 utrum

222 4061 252 4121 ei
275 4062 363 4121 asset
386 4060 570 4135 eligendum
594 4062 738 4136 nihilque
763 4066 851 4124 esset
873 4062 1021 4124 medium

535 4173 626 4235 τόθεν

534 4285 566 4347 τό
590 4286 796 4367 παντότολμον
819 4293 945 4369 φρονεῖν
970 4284 1106 4366 μετέγνω.

533 4400 659 4482 βροτοὺς
683 4400 832 4482 θρασύνει
855 4399 912 4484 γόιρ
937 4397 1127 4479 αἰσχρόμητις

533 4514 657 4575 τάλαινα
680 4514 844 4596 παρακοπὰ
867 4511 1088 4597 πρωτοπήμων.
1113 4514 1174 4582 (vs,
1200 4512 1264 4572 230
1288 4512 1369 4583 sqq.)

267 4630 370 4690 'lum
402 4628 631 4689 consillum
665 4629 778 4705 oepit
809 4644 934 4704 quam
962 4627 1147 4687 maxime
1171 4624 1364 4700 impium;
1388 4623 1506 4682 furor
