3536 5068
841 248 883 306 89

223 412 354 471 demum
387 427 462 471 eum
491 411 636 470 animam
661 411 800 470 efflasse.
828 409 928 470 Multo
952 412 1003 471 est
1028 411 1095 471 veri
1119 411 1261 471 similius
1285 412 1414 485 poetam
1440 412 1497 471 fer-

222 526 314 585 tilem
350 525 384 585 et
414 541 433 584 a
463 525 588 585 civibus
619 539 747 598 semper
778 523 958 599 laudatum,
991 525 1045 598 qui
1078 540 1179 597 usque
1211 526 1251 585 ad
1283 524 1497 586 novissimam

223 641 329 700 lucem
361 654 442 699 sana
472 639 632 699 frueretur
664 640 784 714 mente,
817 642 854 698 ut
886 639 1088 711 Phrynichus
1122 641 1155 698 in
1190 639 1332 714 „Musis”
1357 640 1498 698 testatur

224 755 329 823 (καλῶς
359 747 527 829 ἕτελεύτησ’,
557 747 647 812 οὐδὲν
678 751 841 828 ὑπομείνας
873 751 986 827 κακόν),
1019 722 1100 812 non·
1114 753 1222 813 Studio
1252 753 1417 813 destitisse
1441 754 1496 813 sed
1576 813 1578 818 ,

224 849 480 926 θῐῑᾶηιωῐίωἱε
513 867 598 926 vitae
630 867 743 926 diebus
774 865 879 925 musis
911 881 946 926 se
977 866 1114 942 dedisse,
1146 866 1257 939 itaque
1287 869 1392 926 morte
1424 881 1497 926 esse

224 979 426 1055 impeditum,
451 980 624 1052 quominus
649 979 800 1039 ultimam
829 979 996 1052 perficeret
1020 979 1231 1056 tragoediam,
1256 982 1292 1040 ut
1316 980 1498 1040 Simonides

224 1096 329 1155 minor
352 1095 445 1155 uobis
469 1095 568 1154 tradit
592 1095 701 1164 (Anth.
726 1094 793 1154 Pal.
817 1093 877 1153 VII
903 1095 972 1163 ubl:

492 1205 648 1285 ε’σβέσθης,
670 1203 773 1286 γηραιὲ
796 1206 974 1282 Σοφόκλεες,
1001 1203 1097 1278 ἄνθος
1121 1204 1243 1283 ἀοι-δῶν,

492 1319 622 1379 οἰνωπὸν
647 1319 765 1397 Βάκχου
781 1294 900 1398 Αβότρυν
924 1317 1116 1398 ἕρεπτόμενος
1145 1315 1175 1390 1).

268 1714 401 1787 Propter
433 1727 558 1782 causas,
592 1727 672 1785 quas
704 1711 780 1787 dixi,
813 1714 937 1772 statum
969 1711 1098 1773 fabulae
1128 1711 1356 1787 imperfectum
1384 1715 1496 1787 poetae

225 1828 322 1886 morti
353 1827 487 1900 imputo,
520 1826 577 1884 sed
601 1841 639 1884 ea
666 1827 705 1885 de
729 1841 763 1885 re
788 1824 842 1884 alii
866 1825 953 1885 aliud
977 1827 1120 1885 censent.
1144 1826 1234 1886 Inter
1257 1826 1338 1886 alios
1362 1827 1497 1886 Adolfus

225 1938 384 2000 Schbllius
403 1939 436 1998 in
457 1938 621 2012 Philologo
642 1943 736 2008 (anno
760 1940 854 2008 1867)
870 1932 891 2009 ²)
912 1939 1132 1998 coniecturam
1153 1939 1192 1999 de
1208 1940 1374 2013 tragoedia
1386 1942 1497 2000 nostra

227 2054 318 2113 valde
350 2054 596 2125 improbabilem
627 2053 771 2128 protulit,
803 2054 841 2112 de
874 2068 938 2126 qua
961 2069 1024 2113 non
1048 2052 1205 2130 loquerer,
1229 2055 1292 2113 nisi
1314 2053 1496 2114 Nauckium

226 2183 288 2227 non
313 2167 382 2227 sine
406 2167 500 2226 laude
524 2182 599 2227 eum
623 2182 879 2227 commemorare
903 2171 936 2227 et
960 2169 992 2226 in
1016 2167 1181 2227 nonnullis
1200 2167 1280 2227 locis
1299 2168 1497 2241 explicandis

225 2281 316 2354 sequi
341 2281 483 2340 viderem
508 2284 540 2340 et
564 2281 645 2341 alios
667 2283 752 2341 viros
772 2282 883 2342 doctos
905 2283 957 2342 vel
977 2283 1064 2342 idem
1085 2283 1206 2342 dixisse
1227 2281 1278 2341 vel
1299 2282 1495 2341 sententiam

224 2394 294 2454 eius
317 2395 546 2468 approbavisse
570 2396 874 2456 animadverterem.

268 2507 427 2567 Schbllius
462 2509 569 2583 igitur,
606 2509 661 2581 qui
693 2491 847 2586 fabulam,
883 2509 922 2568 de
955 2525 1018 2583 qua
1053 2511 1191 2585 agimus,
1224 2509 1318 2582 longe
1349 2509 1443 2568 aliter
1477 2524 1497 2568 a

227 2622 380 2695 Sophocle
412 2623 636 2697 compositam,
668 2624 725 2682 sed
753 2639 772 2682 a
802 2625 929 2698 nepote,
958 2625 1148 2698 priusquam
1172 2624 1205 2682 in
1228 2638 1360 2682 scenam
1385 2623 1495 2696 produ-

226 2736 361 2810 ceretur,
396 2736 500 2795 totam
537 2751 609 2795 esse
644 2739 855 2796 retractatam
898 2752 1017 2810 magna
1052 2737 1142 2810 copia
1177 2738 1442 2810 argumentorum
1478 2752 1495 2795 e

224 2849 377 2909 hodierna
407 2849 565 2908 dramatis
595 2849 700 2926 forma
731 2852 937 2924 sumptorum
970 2852 1192 2911 demonstrare
1223 2852 1358 2910 conatur
1390 2884 1430 2892 -
1462 2851 1494 2909 in

224 2965 332 3024 fabula
363 2965 539 3024 retraetata
570 2964 657 3023 enim
683 2965 820 3038 vestigia
843 2966 947 3026 adhue
971 2959 1085 3040 prioris
1110 2964 1214 3039 operis
1239 2979 1428 3039 permanere
1454 2997 1493 3006 -

224 3079 323 3136 nimis
352 3077 466 3138 callide
491 3079 529 3138 de
560 3078 626 3154 illa,
651 3093 748 3151 quam
773 3079 901 3154 statuit,
925 3080 1053 3140 fabulae
1077 3079 1257 3138 mutatione
1281 3079 1439 3137 disserere
1463 3078 1496 3135 et

224 3192 415 3264 saepissime
439 3193 559 3252 nodum
583 3193 615 3251 in
644 3194 748 3267 scirpo
772 3208 925 3266 quaerere
949 3193 1029 3252 mihi
1054 3193 1190 3252 videtur.
1215 3191 1331 3266 Nepos,
1355 3191 1402 3250 ita
1425 3206 1493 3250 con-

224 3307 336 3381 tendit,
358 3307 391 3364 in
411 3305 568 3381 Oedipode
589 3307 731 3380 supplice
752 3309 785 3365 et
805 3307 900 3366 exule
923 3307 1093 3381 antiquum
1115 3305 1301 3379 exemplum
1323 3304 1493 3364 Athenien·

223 3419 309 3478 sium
342 3420 475 3480 exulum
509 3436 527 3480 a
559 3420 693 3492 triginta
724 3420 872 3493 tyrannis
900 3420 1109 3494 expulsorum
1134 3422 1167 3478 et
1191 3435 1210 3478 a
1233 3419 1394 3478 Thebanis
1417 3419 1495 3477 urhe

223 3535 425 3608 receptorum
457 3550 631 3608 proponere
664 3534 774 3595 voluit.
807 3535 980 3609 Propterea
1012 3534 1167 3608 Oedipum
1199 3533 1358 3593 miserum
1381 3533 1494 3608 reddit,

223 3661 371 3722 egenum,
405 3648 659 3708 misericordiam
688 3650 885 3725 moventem,
919 3650 1087 3710 civitatem
1111 3649 1361 3708 Atheniensium
1384 3663 1494 3707 secun·

224 3761 301 3820 dum
332 3762 384 3821 ius
412 3763 559 3834 gentium
583 3765 747 3836 petentem
772 3767 804 3822 et
827 3764 1038 3840 obtinentem,
1063 3762 1191 3837 culpam
1217 3764 1256 3822 ab
1280 3762 1439 3835 Oedipode
1462 3761 1494 3819 in

223 3874 391 3935 Thebanos
422 3877 455 3935 et
486 3877 678 3949 praesertim
710 3878 743 3936 in
774 3877 886 3936 miseri
917 3878 1002 3950 regis
1032 3877 1226 3951 propinquos
1257 3877 1389 3950 confert,
1414 3875 1495 3934 duas

255 4081 273 4142 ¹)
291 4085 385 4131 Versus
407 4087 554 4144 postremus
576 4088 635 4143 apte
657 4085 801 4144 significare
830 4089 928 4145 potest:
957 4086 998 4141 ,in
1025 4086 1155 4144 Oedipode
1183 4086 1293 4132 Ooloneo
1319 4083 1495 4144 componendo

220 4165 385 4224 occupatus.''
1387 4147 1390 4158 ⁸

254 4244 346 4303 Opinio
365 4243 545 4290 nonnullorum
564 4243 801 4299 Alexandrinorum,
820 4244 864 4302 qui
885 4244 1022 4289 Simonidis
1041 4257 1131 4290 versus
1149 4243 1180 4288 ad
1200 4244 1313 4290 litteram
1332 4246 1495 4302 acceperunt,

221 4336 253 4367 ne
276 4323 355 4369 verbo
379 4322 483 4381 quidem
507 4321 584 4380 digua
608 4325 659 4380 est;
686 4336 751 4381 quae
776 4336 825 4368 non
850 4323 960 4369 multum
979 4323 1111 4386 discrepat
1128 4323 1160 4368 ab
1181 4336 1269 4369 eorum
1287 4335 1381 4378 errore,
1399 4322 1444 4381 qui
1464 4335 1495 4368 ex

220 4415 282 4448 voce
299 4402 393 4461 ποιητὴς
409 4405 510 4461 Βάκχου
528 4406 615 4463 πλήρης
632 4397 729 4465 (divino
743 4403 867 4449 instinctu
882 4397 1036 4465 concitatus)
1051 4402 1185 4461 poetarum
1199 4402 1365 4449 vinolentiam
1380 4403 1494 4448 statuere

220 4493 270 4526 non
288 4480 363 4527 veriti
381 4481 439 4528 sint.

254 4553 275 4621 ῃ)
292 4561 340 4606 Die
357 4560 558 4619 iiberarbeitung
576 4560 622 4606 des
636 4561 850 4620 sopholrleisehen
865 4561 978 4620 Oedipus
993 4562 1040 4608 auf
1052 4562 1171 4618 Kolonos,
1190 4560 1383 4618 naehgewiasen
1399 4574 1430 4607 an
1445 4561 1494 4608 den

220 4636 427 4698 widerspriichen
444 4641 470 4686 in
488 4640 555 4686 allen
572 4641 831 4701 handlungsmotiven
849 4654 909 4700 pag.
928 4641 1070 4698 sot-445,
1084 4654 1143 4702 pag.
1162 4641 1302 4689 ort—606.
