3536 5068
375 1111 448 1193 Did
480 1105 770 1195 OElDlPODIS
799 1105 951 1193 suuis
980 1105 1327 1195 Sindimana.

260 1672 363 1748 Vulgo
391 1674 530 1749 Oedipus
561 1691 672 1751 senex,
702 1677 755 1748 qui
783 1677 816 1734 iu
839 1675 948 1735 fabula
973 1675 1141 1750 Sophoclis
1163 1679 1256 1738 nobis
1279 1681 1355 1739 ante
1378 1681 1488 1740 oculos

214 1788 354 1863 ponitur,
371 1789 420 1847 vir
436 1790 573 1850 habetur
592 1791 664 1864 pius
684 1805 879 1862 summoque
902 1791 1017 1863 dignus
1037 1791 1173 1865 honore;
1195 1792 1323 1865 cuipam
1337 1808 1432 1852 suam
1450 1827 1487 1836 -

215 1905 252 1962 ui
275 1903 416 1962 breviter
440 1904 583 1963 virorum
606 1904 772 1963 doctorum
795 1903 976 1963 sententias
996 1905 1129 1964 reddam
1143 1938 1184 1946 -
1197 1905 1326 1978 penitus
1339 1907 1490 1979 coguovit

214 2020 257 2091 et,
278 2017 430 2090 quamvis
449 2017 572 2076 invitus
593 2017 772 2093 deliquerit,
795 2018 1012 2092 poenitentiae
1032 2021 1083 2078 esi
1101 2019 1226 2094 plenus
1251 2021 1385 2080 deorum
1401 2035 1487 2095 mag·

214 2148 292 2193 nam
328 2133 499 2206 omniaque
534 2134 743 2206 superantem
778 2134 974 2207 potestatem
1010 2133 1151 2208 agnovit,
1183 2149 1265 2206 quae
1301 2135 1344 2195 dii
1377 2134 1487 2209 velint,

211 2246 398 2306 homiuibus
423 2261 523 2318 aequo
552 2246 661 2305 animo
684 2245 815 2306 ferenda
839 2261 911 2306 esse
935 2247 1109 2321 perspexit,
1134 2246 1217 2306 iram
1242 2249 1340 2320 alque
1364 2249 1485 2308 iracun-

211 2360 301 2419 diam
321 2360 465 2420 devictas
486 2360 593 2434 habel,
614 2359 758 2431 quietam
780 2359 1081 2432 consideratumque
1102 2360 1163 2419 sibi
1181 2360 1319 2420 obtinuit
1331 2362 1486 2436 mentem,

214 2474 345 2547 propius
365 2474 430 2533 iarn
452 2488 549 2546 quam
570 2473 668 2533 ceteri
688 2488 802 2533 omnes
822 2474 978 2533 mortales
998 2474 1038 2534 ad
1058 2475 1135 2533 deos
1153 2474 1329 2534 accessisse
1350 2475 1486 2550 videtur,

215 2588 265 2646 vir
289 2587 419 2646 omnino
443 2587 569 2662 dignae,
594 2587 649 2658 qui
672 2586 803 2646 insolito
824 2587 919 2646 modo
943 2603 960 2646 e
984 2587 1052 2646 vila
1076 2587 1248 2647 eximatur.
1274 2587 1486 2664 Quinetiam,

214 2716 289 2760 cum
322 2699 426 2759 fllium
458 2699 617 2758 nefarium
635 2681 760 2759 'obruit
796 2700 995 2774 criminibus
1030 2701 1163 2775 probriS,
1199 2701 1286 2775 diriS,
1322 2716 1385 2760 non
1420 2702 1487 2761 iam

214 2814 355 2888 Oedipus
385 2814 482 2872 homo
514 2813 664 2873 mortalis
694 2813 782 2887 loqui
815 2813 951 2889 videtur,
977 2814 1033 2873 sed
1057 2814 1166 2872 divina
1188 2814 1324 2890 iustitia,
1348 2816 1391 2874 dii
1415 2815 1486 2889 ipsi,

214 2928 269 3000 qui
300 2943 377 2986 mox
406 2943 480 2987 eum
505 2943 546 2986 ex
570 2928 737 2987 hominum
762 2931 855 2987 coetu
880 2928 1078 3000 evocabunt;
1103 2928 1170 2987 iarn
1194 2929 1288 2988 heros
1312 2943 1413 3002 paene
1437 2931 1487 2988 est

213 3042 253 3100 ab
285 3041 470 3100 hominibus
501 3056 633 3100 summa
665 3041 817 3101 colendus
841 3042 971 3114 pietate.
1005 3041 1108 3116 Quam
1133 3043 1171 3102 ad
1196 3058 1265 3102 rem
1289 3044 1486 3116 probandam

213 3154 394 3214 afferuntur
417 3170 456 3214 ex
480 3155 608 3215 fabulae
631 3155 723 3215 initio
747 3171 861 3215 versus
886 3156 1045 3229 sepiimus
1069 3158 1102 3215 ei
1126 3159 1277 3218 octavus:

483 3265 610 3348 στέργειν
635 3266 690 3347 γὰρ
714 3267 748 3326 αἱ
768 3268 867 3327 πάθοι
890 3290 925 3346 με
948 3265 988 3347 χὼ
1011 3268 1115 3347 χρόνος
1140 3268 1237 3342 ξυνὼν

482 3379 592 3460 μακρὸς
617 3381 749 3440 διδάσκει
772 3379 822 3440 καὶ
846 3381 877 3441 τὸ
901 3387 1040 3461 γενναῖον
1063 3382 1168 3461 τρίτον.

213 3496 247 3554 el
270 3508 352 3566 quae
375 3510 452 3555 mox
476 3497 673 3568 sequuntur:

704 3609 871 3686 μανθάνειν
894 3607 950 3688 γὰρ
973 3607 1083 3686 ἥκομεν

482 3718 559 3792 ξένοι
582 3720 656 3800 πρὸς
680 3719 786 3799 ἀστῶν,
809 3718 847 3780 dv
872 3715 896 3780 δ’
922 3719 1097 3799 ἀκούσωμεν
1119 3726 1217 3782 τελεῖν.

258 3836 429 3896 Adduntur
457 3836 556 3895 etiam
582 3851 629 3912 ea,
654 3851 746 3912 quae,
771 3852 847 3896 cum
871 3837 960 3896 chori
982 3851 1078 3897 senes
1102 3838 1254 3897 advenire
1273 3837 1373 3913 audii,
1397 3839 1485 3898 Auli-

213 3965 316 4022 gonae
339 3950 418 4010 dicit
441 3948 598 4022 Oedipus:

258 4068 317 4134 (vs,
344 4064 418 4133 115)
852 4061 883 4122 έν
906 4062 962 4143 γὰρ
985 4073 1023 4146 τῷ
1048 4068 1158 4141 μαθεῖν

567 4174 678 4235 ένεστιν
702 4175 845 4255 ηὑλάβεια
868 4186 926 4236 τῶν
950 4174 1145 4253 ποιουμένων.

257 4291 344 4366 Quae
367 4305 408 4352 ne
432 4291 634 4352 comminisci
658 4291 777 4367 videar,
802 4292 961 4366 inspicite,
984 4307 1114 4366 quaeso,
1134 4291 1367 4366 praefationem
1388 4293 1484 4353 huius

212 4403 338 4464 fabulae
362 4406 402 4465 ab
426 4406 464 4466 Α.
489 4405 632 4465 Nauokio
653 4407 768 4480 editae,
789 4406 856 4466 viro
878 4405 995 4466 melius
1014 4406 1053 4466 de
1074 4405 1227 4480 Sophocle
1247 4407 1364 4466 merito
1383 4422 1483 4480 quarn

213 4530 310 4588 quem
334 4533 392 4592 ego
415 4519 556 4579 laudem.
