3536 5068
882 251 943 312 102

866 563 952 624 XVI.

318 749 480 824 Aristoph.
505 750 593 811 Aves
619 739 721 812 1565:
1265 831 1267 836 ι

317 864 395 924 Post
426 879 558 924 versum
592 866 676 925 1565
708 880 805 926 scena
838 880 901 926 non
928 867 1075 926 mutatur
1098 865 1155 927 sed
1179 866 1293 927 eadem
1317 867 1438 942 manet,
1463 880 1547 939 quae

272 977 305 1037 in
329 977 433 1054 priore
456 977 584 1038 fabulae
607 979 698 1053 parte
722 977 795 1038 luit.

318 1091 521 1152 Pithetaerus
554 1105 601 1151 vs.
637 1091 721 1152 1579
753 1092 886 1152 demum
917 1106 992 1152 curn
1028 1091 1142 1168 servis,
1174 1092 1228 1165 qui
1260 1091 1349 1152 vasis
1380 1090 1545 1152 culinariis

272 1206 530 1280 coquinariisque
555 1205 678 1266 onerati
702 1207 789 1282 sunt,
812 1208 909 1266 domo
933 1204 1011 1266 exit.

859 1490 961 1550 XVII.

319 1678 436 1738 Caesar
459 1675 538 1736 Bell.
564 1675 645 1736 Gall.
668 1676 700 1735 ΙΙ
725 1677 784 1736 20:

318 1791 448 1852 Caesari
467 1790 576 1851 omnia
595 1805 659 1850 uno
678 1791 823 1864 tempore
843 1793 936 1851 erant
955 1791 1096 1866 agenda:
1119 1780 1275 1853 vexillum
1293 1794 1545 1868 proponendum,

273 1906 378 1980 quod
409 1904 501 1966 erat
531 1903 717 1980 insigne,
746 1919 836 1964 cum
868 1905 915 1964 ad
947 1921 1062 1966 arma
1086 1907 1283 1967 concurri
1307 1908 1546 1983 oporteret,

273 2021 403 2093 signum
426 2018 505 2078 tuba
524 2017 676 2094 dandum,
699 2019 739 2078 ab
759 2034 853 2092 opere
873 2021 1045 2081 revocandi
1065 2021 1197 2097 milites,
1218 2022 1273 2094 qui
1292 2020 1400 2094 paullo
1418 2020 1546 2093 longius

274 2134 401 2207 aggeris
434 2130 563 2206 petendi
597 2146 696 2192 causa
729 2135 963 2209 processerant,
999 2135 1193 2210 arcessendi,
1228 2135 1315 2196 acies
1346 2134 1545 2210 instruenda,

273 2248 396 2306 milites
410 2246 616 2329 cohortandi,
637 2245 768 2319 signum
792 2246 943 2306 dandum.

318 2360 481 2421 Vocabula
516 2361 618 2436 ,quod
649 2361 719 2420 erat
749 2359 886 2436 insigne,
917 2375 991 2419 cum
1016 2361 1056 2420 ad
1080 2376 1172 2422 arma
1195 2362 1341 2422 concurri
1364 2361 1546 2436 oporteret”

272 2474 407 2535 delenda
430 2475 516 2534 sunt.

853 2712 972 2774 XVIII.

318 2899 457 2960 Ibidem:

319 3013 380 3074 His
410 3012 656 3076 difficultatibus
686 3014 768 3074 duas
802 3029 854 3075 res
886 3016 979 3075 erant
1010 3013 1163 3089 subsidio,
1200 3013 1387 3073 scientia
1421 3015 1547 3088 atque

275 3145 377 3189 usus
409 3129 615 3204 militum,
648 3129 732 3201 quod
763 3128 981 3201 superioribus
1011 3126 1141 3201 proeliis
1171 3125 1352 3202 exercitati,
1380 3127 1456 3200 quid
1479 3126 1549 3188 fleri

275 3244 447 3318 oporteret,
482 3256 545 3302 non
582 3241 691 3302 minus
723 3242 892 3301 commode
927 3240 989 3315 ipsi
1023 3241 1085 3301 sibi
1115 3240 1342 3316 praescribere,
1374 3256 1473 3314 quam
1508 3243 1549 3302 ab
1579 3301 1580 3306 ,

275 3356 349 3417 aliis
379 3355 485 3415 doceri
514 3356 673 3430 poterant,
705 3355 738 3415 et
765 3355 849 3427 quod
873 3355 911 3415 ab
941 3369 1035 3430 opere
1059 3353 1259 3427 singulisque
1282 3353 1463 3429 legionibus
1487 3356 1547 3414 sin·

274 3469 367 3543 gulos
390 3469 515 3542 legatos
541 3468 658 3530 Caesar
683 3468 845 3529 discedere
869 3469 933 3529 nisi
958 3468 1095 3528 munitis
1118 3468 1235 3528 castris
1259 3469 1416 3529 vetuerat.

319 3583 498 3644 Vocabula:
527 3584 682 3660 ,scientia
707 3586 804 3657 atque
828 3600 908 3644 usus
933 3585 1099 3644 militunr'’
1125 3582 1259 3643 delenda
1283 3584 1369 3643 sunt.

867 3860 955 3920 XIX.

322 4051 440 4112 Caesar
464 4049 543 4110 Bell.
570 4049 651 4111 Gall.
677 4050 718 4124 II,
744 4049 804 4110 22:
889 4067 895 4078 ·

321 4179 396 4224 cum
428 4164 616 4224 diversis
648 4162 896 4236 legionibus
920 4160 1003 4220 aliae
1027 4160 1090 4219 alls
1113 4160 1146 4219 in
1169 4162 1261 4234 parte
1284 4159 1433 4220 hostibus
1456 4157 1550 4218 resis-

277 4280 383 4340 terent

321 4325 609 4453 Vir'doctissimus
633 4391 795 4450 Friedrich
819 4390 945 4448 Kraner
965 4391 1061 4463 recte,
1084 4387 1286 4448 Giaoconium
1309 4388 1452 4461 secutus,
1472 4385 1552 4459 legit

281 4506 446 4582 ,diversae
488 4505 651 4578 legiones‘
695 4518 798 4575 neque
838 4504 949 4560 tamen
985 4502 1065 4561 bene
1102 4501 1199 4561 verba
1232 4500 1464 4571 interpretatus
1499 4501 1550 4558 est

278 4619 435 4690 (diversas
467 4618 625 4678 rdnmlich
658 4618 818 4692 getrsnnt,
847 4614 905 4675 auf
925 4615 986 4674 den
1010 4615 1337 4689 entgegengesetztsn
1362 4613 1471 4673 seiten
1494 4613 1551 4673 des
