3536 5068
837 262 877 334 77

221 435 420 509 oppugnabo.
452 431 520 510 Quo
551 435 620 495 loco
650 450 713 495 non
745 436 783 496 de
814 435 921 496 Furiis
951 435 1108 510 Oedipum
1141 436 1349 513 agitantibus
1373 438 1429 498 sed
1454 439 1493 498 de

221 548 410 608 numinibus
439 548 558 608 Atticis
588 550 788 610 mentionem
820 547 900 624 fieri,
931 564 1035 622 neque
1066 549 1259 623 parricidam
1289 550 1412 625 expiari
1437 551 1494 611 sed

222 663 340 738 virum,
372 662 426 735 qui
456 663 589 723 dearum
620 663 731 723 lucum
762 663 949 738 imprudens
973 662 1153 739 intraverit,
1178 663 1260 722 mihi
1283 663 1414 736 quidem
1437 679 1493 738 pro

222 779 310 836 certo
334 778 471 837 constat.

263 890 319 950 Vs.
356 891 420 951 864
456 893 489 951 et
523 891 608 950 1010
638 891 716 951 deae
752 891 792 950 ab
823 889 983 964 Oedipode
1015 889 1143 950 Creonti
1179 889 1323 963 pessima
1359 891 1494 964 quaevis

221 1004 413 1078 imprecanti
441 1005 642 1079 invocantur,
667 1005 751 1076 quod
774 1018 838 1063 non
862 1003 1002 1078 Oedipus
1025 1018 1121 1078 unus,
1141 1003 1199 1064 sed
1222 1003 1331 1076 quivis
1355 1005 1492 1079 supplex

219 1118 324 1178 facere
343 1118 458 1192 potuit.
479 1118 600 1178 Eadem
620 1118 745 1178 ratione
766 1132 813 1176 vs.
831 1119 912 1178 1391
927 1117 1123 1177 Eumenides
1140 1118 1172 1176 et
1193 1116 1332 1178 Martem
1352 1117 1492 1194 invocat,

220 1234 257 1293 ut
279 1231 365 1292 lilios
387 1233 505 1307 impios
528 1232 673 1306 perdant.
1251 1231 1253 1235 ’

264 1346 302 1405 11
324 1347 481 1421 proximis
505 1342 579 1424 ἀρὰς
602 1342 790 1404 ἀνακαλεῖται
814 1345 953 1420 Oedipus
978 1348 1036 1414 (vs.
1065 1346 1149 1405 1371
1173 1349 1272 1421 sqq.);
1297 1347 1358 1408 hae
1381 1348 1494 1408 tamen

222 1455 294 1536 ἀραί
314 1474 378 1518 1ο1
398 1474 454 1532 pro
477 1458 709 1518 Eumenidibus
729 1457 895 1517 habendae
919 1459 1005 1533 sunt,
1030 1473 1113 1530 quae
1137 1459 1306 1519 hominum
1329 1461 1435 1521 coetui
1458 1477 1493 1522 se

219 1589 283 1634 non
309 1573 507 1648 immiscent,
531 1573 588 1633 sed
611 1573 742 1647 perinde
766 1573 863 1645 atque
889 1574 998 1632 cetera
1020 1573 1156 1632 numina
1185 1572 1360 1647 Sophoclea
1382 1576 1493 1650 procul

219 1687 364 1747 remotae
397 1701 509 1760 preces
542 1687 770 1746 tantummodo
805 1686 994 1746 mortalium
1031 1686 1184 1761 audiunt3
1220 1684 1293 1765 ἀραί
1314 1686 1389 1748 illae
1413 1689 1493 1750 nihil

219 1801 306 1861 aliud
347 1799 531 1874 significant
571 1801 635 1861 nisi
670 1800 921 1860 exsecrationes.
958 1799 1041 1860 Sane
1076 1801 1169 1872 quasi
1212 1816 1368 1875 personas
1403 1803 1492 1877 ipsas

218 1916 353 1988 agentes
377 1929 433 1974 eas
457 1913 550 1988 fingit
573 1913 713 1988 Oedipus
737 1917 797 1984 (vs.
824 1914 937 1983 revel:
1484 1905 1488 1912 “

485 2034 543 2087 νῦν
565 2021 586 2086 τ’
614 2025 822 2104 ἀνακαλοῦμαι
845 2025 1015 2104 ξυμμάχους
1039 2023 1138 2086 ἐλθεῖν
1162 2024 1236 2104 ἐμοί,

486 2135 520 2201 ἵν’
543 2138 669 2214 ἀξίωτον
691 2139 761 2212 τοὺς
784 2140 989 2216 φυτεύσαντας
1015 2136 1122 2218 σέβειν,

218 2255 401 2329 soliumque
423 2271 481 2316 eas
504 2255 713 2330 occupavisse
736 2255 814 2315 dicit
838 2257 896 2322 (ve.
925 2254 1036 2323 1380l:

463 2365 565 2448 τοιγὰρ
588 2365 620 2427 τὸ
645 2365 698 2426 σὸν
721 2365 846 2445 θάιιημα
869 2363 1011 2438 καὶτοὺς
1035 2364 1107 2438 σοὺς
1134 2366 1267 2448 θρόνους

462 2490 632 2562 κρατοῦσιν,

214 2597 271 2658 sed
293 2599 405 2657 tamen
428 2597 508 2657 nihil
532 2597 595 2658 nisi
618 2597 859 2658 exsecrationes
882 2595 1116 2668 intellegendas
1139 2610 1212 2656 esse
1237 2611 1278 2656 ex
1301 2596 1353 2655 his
1378 2595 1485 2655 verbis

215 2713 306 2785 patet
329 2714 389 2782 (vs.
417 2711 529 2781 1384):

505 2822 592 2882 τάσδε
616 2820 772 2902 συλλαβὼν
795 2820 879 2903 ἀράς,

216 2939 249 2996 61
272 2951 313 2996 ex
337 2936 547 3008 sequentibus
571 2940 629 3007 (vs.
661 2936 773 3007 1389):

503 3043 610 3109 τοιαῦτ’
636 3046 752 3129 ἀρῶμαι
775 3046 824 3109 καὶ
847 3054 927 3109 καλῶ
951 3047 982 3109 τὸ
1010 3048 1163 3130 Ταρτάρου

505 3161 632 3243 στυγνὸν
654 3171 791 3245 πατρῷον
814 3161 925 3242 ἔρεβος,
948 3161 987 3234 ὥς
1011 3156 1190 3246 σᾶττοιιιίσρ,

504 3280 584 3337 καλῶ
609 3271 641 3336 δὲ
664 3274 751 3334 τάσδε
775 3275 919 3353 δαίμονας
942 3272 999 3335 nrt.

261 3391 386 3451 Talia
411 3391 493 3451 tibi
521 3391 785 3467 imprecatus
808 3406 897 3451 sum
921 3391 962 3451 et
985 3405 1074 3450 oum
1098 3389 1184 3450 alia
1203 3389 1377 3449 numina
1401 3391 1489 3450 tum

216 3505 291 3564 lias
325 3504 596 3582 Eumenides,
632 3507 677 3565 ut
710 3501 806 3583 ἀράς
839 3520 918 3565 1ο1
948 3505 1099 3564 116166
1129 3517 1224 3562 6666
1248 3502 1411 3578 sinaut,
1436 3503 1486 3563 in·

217 3630 328 3678 voco
442 3601 444 3606 ’

260 3729 398 3790 Restant
420 3730 483 3791 duo
506 3731 577 3808 loci,
601 3731 656 3791 ubi
679 3731 850 3792 Furiarum
874 3746 992 3792 nomen
1016 3729 1143 3806 legitur,
1175 3729 1354 3801 dequibus
1379 3728 1487 3803 paullo

217 3842 322 3902 fusius
346 3842 429 3903 mihi
450 3842 673 3904 disserendum
698 3844 759 3904 est.

260 3955 428 4030 Polynices
453 3971 500 4016 vs.
528 3957 623 4032 1434,
646 3960 820 4032 postquam
843 3958 945 4031 patris
967 3958 1103 4018 iteratas
1135 3956 1375 4017 exsecrationes
1395 3957 1480 4018 audi·

216 4069 273 4146 vit,
297 4068 390 4130 dicit:

476 4160 478 4164 ’
881 4177 933 4260 rp’
960 4179 1029 4254 arn

527 4292 606 4354 ἔσται
628 4291 756 4372 μέλουσα
780 4296 949 4375 δύσποτμός
972 4317 1002 4356 τε
1025 4293 1075 4355 καὶ
1096 4294 1173 4374 ιιαιιὴ

525 4406 599 4488 πρὸς
620 4407 708 4469 τοῦδε
730 4408 841 4490 πατρὸς
864 4419 923 4471 τῶν
946 4430 976 4469 τε
998 4404 1081 4470 τοῦδ’
1109 4405 1245 4489 ἐρινύαν,

214 4523 247 4582 61
269 4537 318 4583 vs.
346 4522 430 4582 1299
454 4522 540 4584 idem
563 4523 603 4584 de
626 4537 686 4582 suo
710 4524 807 4586 exilio
830 4526 863 4586 et
887 4525 984 4586 rebus
1008 4523 1169 4585 adversis:

749 4630 792 4700 ὧν
814 4635 870 4718 ἐγὼ
894 4638 1017 4716 μάλιστα
1042 4632 1095 4713 μὲν
