3536 5068
875 243 916 300 22

611 399 737 480 χυμένας
762 401 790 475 ἐς
813 401 905 464 πέδον
929 401 998 464 ditio
1022 409 1191 484 προσαιτεῖν

608 509 690 594 αἷμα.

300 635 361 695 Sed
393 634 497 695 multo
527 634 662 694 clariora
693 635 779 709 sunt,
817 649 900 707 quae
931 648 980 692 vs.
1007 634 1070 692 120
1094 648 1163 706 sqq.
1188 599 1348 706 ie'gumur.
1374 634 1529 711 Electrae,

256 748 416 811 dubitanti
428 762 507 808 num
521 748 777 821 Agamemnonis
790 747 985 808 occisoribus
997 749 1137 808 mortem
1150 749 1319 822 imprecari
1333 750 1420 822 pium
1435 750 1487 824 sit,
1498 749 1531 810 et

522 857 572 918 καὶ
595 859 687 919 ταῦτά
711 883 760 937 μοι
782 854 856 919 ’στιν
882 859 989 939 εὐσεβῆ
1013 865 1095 920 θεῶν
1118 859 1216 940 πάρα;

256 976 381 1050 roganti
406 975 522 1035 chorus
546 974 733 1052 respondet:

522 1096 585 1159 πῶς
610 1083 637 1148 δ’
664 1085 711 1166 οὔ,
734 1086 784 1147 τὸν
810 1085 918 1166 ἐχθρὸν
942 1085 1174 1167 ἀνταμείβεσθαι
1197 1094 1314 1160 κααοῐς;

257 1218 319 1276 quo
343 1203 427 1264 dicto
451 1217 546 1262 omne
571 1201 702 1262 dubium
727 1218 770 1262 ex
791 1203 937 1262 Electrae
957 1202 1065 1262 animo
1086 1201 1221 1262 tollitur.
1245 1203 1339 1262 Haud
1360 1203 1424 1263 aiia
1444 1207 1529 1280 sunt,

257 1333 338 1391 quae
363 1319 395 1377 in
420 1318 611 1377 Prometheo
635 1317 774 1390 legimus
799 1322 859 1389 (vs.
886 1318 949 1378 977
974 1321 1072 1391 aqui:

257 1433 327 1488 ΕΡ.
526 1430 606 1490 κλύω
632 1425 661 1489 σ’
688 1428 743 1510 ἕχὼ
767 1426 906 1508 μεμηνότ’
934 1430 970 1492 οὐ
995 1427 1122 1509 σμικρὰν
1144 1428 1244 1490 νόσον.

257 1549 290 1604 Π
301 1549 341 1604 Ρ.Ι
524 1539 635 1623 νοσοῖμ’
662 1541 710 1623 bv,
732 1545 758 1604 εἰ
780 1544 897 1623 νόσημα
919 1544 987 1616 τοὺς
1011 1542 1138 1624 ἐχθροὺς
1162 1548 1286 1624 στυγεῖν.

257 1661 361 1720 atvs.
390 1659 492 1719 1041:

1008 1758 1130 1838 πάσχειν
1155 1755 1187 1818 δὲ
1208 1759 1306 1830 κακῶς

524 1869 633 1952 ἐχθρὸν
656 1867 703 1931 ὑπ’
732 1869 847 1951 ἐχθρῶν
871 1868 960 1932 οὐδὲν
984 1869 1087 1943 ἀεικές.

256 1989 295 2048 ci.
317 1988 483 2062 praeterea
507 1987 620 2060 Agam.
644 1989 717 2061 381,
745 1990 839 2063 1563,
866 1987 973 2062 Suppl.
997 1988 1071 2062 436,
1092 1987 1220 2060 Fragrn.
1243 1988 1315 2046 282.
1338 1988 1421 2046 item
1444 1987 1526 2060 apud

256 2098 462 2183 Euripidem
501 2101 669 2160 inimicum
708 2102 813 2160 odisse
848 2117 912 2160 non
951 2102 1059 2160 minus
1101 2116 1198 2174 quam
1239 2101 1382 2160 amicum
1416 2102 1528 2161 iuvare

258 2217 318 2274 viri
350 2231 422 2276 esse
446 2215 586 2276 officium
612 2217 744 2291 dicitur;
770 2218 854 2289 quod
877 2217 1083 2290 apertissime
1106 2217 1354 2290 pronunciatum
1378 2216 1529 2275 videmus

256 2333 288 2392 in
312 2333 427 2403 fragm.
456 2330 557 2390 1077:

524 2443 650 2523 ἐχθροὺς
673 2454 771 2516 κακῶς
795 2445 870 2525 δρᾶν
895 2442 1003 2524 ἀνδρὸς
1026 2441 1157 2524 ἡγοῦμαι
1179 2440 1274 2523 μέρος.

257 2559 296 2619 cf.
330 2559 433 2619 Orest.
460 2559 534 2634 413,
558 2560 625 2619 Ιοα.
654 2560 749 2636 1046,
774 2560 867 2620 Herc.
891 2559 965 2635 585,
993 2560 1156 2634 731-33,
1180 2558 1291 2619 Medea
1315 2559 1390 2634 809,
1414 2558 1530 2618 Bacch.

257 2673 444 2748 arr-881,
469 2671 595 2733 Heraoi.
621 2674 784 2734 938-40.

301 2787 350 2846 Ex
380 2785 555 2851 Herodoti
586 2787 677 2848 libris
708 2805 771 2849 non
796 2789 918 2849 multos
942 2789 1029 2849 iocos
1052 2789 1198 2863 afferam,
1225 2787 1341 2860 quibus
1365 2786 1530 2859 scriptoris

257 2903 454 2962 senientiam
489 2901 645 2977 indicem3
682 2919 766 2963 unus
801 2903 931 2980 sufficit,
968 2903 1022 2976 qui
1056 2904 1103 2962 ita
1138 2902 1245 2963 clarus
1276 2904 1335 2977 est,
1367 2903 1404 2961 ut
1434 2916 1529 2961 omne

257 3016 389 3076 currum
409 3017 542 3077 tonatur
566 2995 739 3094 (σαντα,
765 3035 834 3094 cap.
863 3021 934 3095 roa,
962 3019 1045 3089 roo).

300 3131 483 3192 Herodotus
507 3134 589 3194 hanc
613 3133 705 3193 nobis
729 3134 827 3195 tradit
853 3133 1033 3194 historiam.
1059 3133 1228 3208 Paeonius,
1253 3147 1407 3205 manceps
1431 3131 1529 3190 Chius

255 3260 372 3317 pueros
395 3246 554 3322 pulchros
580 3247 697 3320 quibus
720 3248 815 3321 potiri
839 3249 974 3322 poterat,
1005 3247 1169 3307 eunuchos
1193 3245 1331 3306 iaciebat
1354 3245 1388 3304 et
1410 3259 1529 3316 magna

255 3359 391 3432 pecunia
425 3359 579 3419 Sardibus
614 3361 782 3421 vendebat.
821 3362 909 3421 Inter
944 3360 1025 3420 alios
1063 3359 1288 3420 Hermotimus
1323 3357 1454 3431 quidam
1490 3373 1529 3416 ea

255 3472 379 3532 ratione
411 3474 579 3533 eunuchus
611 3475 644 3534 et
670 3437 797 3534 servus*
811 3474 917 3534 factus
942 3473 1094 3534 Sardibus
1120 3473 1238 3533 Susam
1264 3472 1304 3531 ad
1328 3471 1437 3531 auiam
1462 3486 1527 3543 per·

255 3586 346 3644 venit
366 3588 398 3646 et
417 3586 502 3659 regis
522 3587 695 3646 Persarum
717 3588 856 3660 gratiam
878 3588 1026 3647 obtinuit.
1049 3587 1108 3662 Qui
1129 3602 1204 3646 cum
1226 3600 1378 3658 magnam
1393 3584 1527 3657 adeptus

255 3701 342 3760 esset
362 3701 552 3776 potentiam,
574 3701 749 3760 Paeonium
771 3703 884 3775 punire
906 3702 1075 3762 constituit
1095 3701 1187 3772 eique
1208 3698 1379 3772 persuasit,
1397 3699 1434 3756 ut
1453 3712 1526 3756 cum

255 3828 365 3888 uxore,
398 3813 517 3889 liberis,
550 3814 640 3874 bonis
670 3815 820 3886 vasisque
852 3816 891 3876 ad
924 3831 960 3875 se
994 3816 1126 3875 veniret.
1152 3814 1235 3874 Tum
1260 3811 1381 3870 sceiere
1405 3810 1527 3869 obiecto

254 3928 380 4000 patrem
413 3928 517 3999 coegit
547 3927 665 3988 liberos
696 3929 849 4004 castrare,
881 3928 965 3988 filios
990 3930 1116 4002 patrem
1140 3928 1247 4001 ipsum
1272 3925 1429 3984 excidere.
1455 3924 1527 3996 Ipse

255 4042 365 4100 autem
398 4039 622 4099 Hermotimus
653 4042 729 4101 deos
762 4040 844 4125 νόμῳ
877 4041 981 4125 δικαίῳ
1013 4037 1195 4120 χρεωμένους
1226 4037 1395 4097 inimicum
1429 4037 1468 4095 ad
1492 4051 1527 4094 se

253 4153 443 4227 perduxisse
474 4155 563 4212 retur
595 4155 627 4214 et
660 4155 843 4215 Herodotus
875 4155 1096 4215 narrationem
1127 4154 1178 4212 his
1209 4154 1316 4212 verbis
1348 4155 1525 4216 concludit:

255 4264 409 4324 Παιώνιον
440 4263 494 4342 μέν
526 4288 583 4325 ναν
616 4266 692 4326 οὕτω
723 4272 865 4348 περιῆλθε
899 4267 918 4346 ἥ
942 4290 970 4327 τε
993 4267 1066 4338 τίσις
1091 4264 1140 4325 καὶ
1158 4261 1343 4345 Ἑρμότιμος.
1368 4304 1410 4310 -
1437 4267 1475 4345 »ἥ
1499 4289 1527 4326 τε

254 4378 346 4450 τίσις”
382 4380 452 4438 sine
484 4379 579 4439 dubio
610 4381 695 4442 idem
729 4382 889 4455 significat
922 4399 959 4443 ac
990 4383 1099 4443 divina
1130 4382 1256 4442 iustitia
1288 4383 1337 4453 (of.
1370 4383 1460 4444 Stein
1487 4383 1526 4442 ad

253 4491 371 4562 locum)
402 4508 506 4566 neque
537 4494 569 4552 in
602 4496 671 4554 tota
702 4496 885 4556 narratione
918 4511 1061 4569 unquam
1083 4496 1281 4556 Herodotum
1307 4497 1389 4556 hanc
1413 4497 1527 4570 agendi

253 4606 412 4666 rationem
437 4608 618 4681 improbare
638 4612 780 4686 apparet,
801 4610 904 4669 immo
926 4626 999 4670 vero
1019 4619 1156 4683 poenam
1177 4611 1299 4670 iustam
1320 4614 1353 4670 et
1374 4612 1525 4670 meritam

1753 759 1755 840 i
