3536 5068
900 293 939 350 58

327 456 360 514 et
386 452 440 513 lib.
468 452 547 512 XIII
575 467 642 526 cap.
673 454 714 512 34
742 454 760 523 ἓ
787 456 824 514 4;
845 464 884 537 τῷ
901 449 1028 538 Ὀρέστῃ
1050 451 1190 533 γενέσθαι
1214 453 1306 531 φωσλν
1330 453 1390 515 ὑπὸ
1405 450 1552 533 Ἐρινύων

281 575 340 627 τῶν
364 565 626 644 Κλυταιμνήστρας
649 565 704 642 τὴν
734 566 839 644 κρίσιν.

327 681 509 741 Herodotus
535 681 648 741 scribit
670 681 723 741 lib.
749 680 793 740 IV
817 695 884 754 cap.
912 682 991 742 149:
1016 684 1221 758 (Σπαρτιᾶται)
1246 682 1404 760 ἱδρύσαντο
1429 680 1460 741 ἐκ
1483 687 1553 741 σεοὁ

281 794 411 872 προπίου
440 788 587 872 Ἐρινύων
610 803 668 852 τῶν
696 795 795 854 Λαΐου
819 816 847 853 τε
870 792 920 852 καλ
947 795 1113 856 Οἰδιπόδεω
1138 793 1212 872 ἱρόν.

326 908 447 984 Quibus
471 908 549 968 locis
568 922 632 967 non
652 907 690 967 de
711 908 881 968 Furiarum
903 909 1036 982 collegio
1057 910 1164 982 aliquo
1183 908 1234 968 vel
1254 909 1426 969 sodalitate
1446 925 1553 969 sermo

280 1020 327 1097 fit,
352 1022 408 1081 sed
427 1022 466 1081 de
486 1022 616 1097 deabus,
637 1037 729 1097 quae,
751 1025 824 1095 post
844 1021 1039 1082 maleficium
1060 1023 1220 1095 quoddam
1241 1023 1348 1097 natae,
1370 1023 1554 1082 animantes

272 1138 314 1224 et
337 1137 471 1196 rationis
495 1137 660 1209 compotes
681 1135 785 1195 iactae
810 1139 886 1194 sunt
907 1139 939 1196 et
959 1139 1133 1210 postquam
1154 1138 1185 1195 in
1207 1137 1337 1196 homine
1357 1137 1418 1195 sibi
1438 1137 1552 1197 devoto

280 1251 479 1322 potestatem
500 1249 720 1321 ostenderunt,
746 1264 879 1309 munere
903 1250 994 1323 fungi
1018 1251 1166 1323 pergunt.

324 1360 487 1425 Tertium
510 1376 632 1441 genus.
656 1361 749 1434 Apud
774 1361 952 1421 Homerum
977 1363 1103 1436 Ulyxes
1128 1363 1293 1423 exclamat
1315 1366 1343 1441 (ρ
1370 1365 1463 1434 ilat:

503 1468 561 1532 ἀλλ’
588 1473 617 1532 εἴ
635 1493 694 1532 που
718 1483 840 1551 πτωχῶν
863 1496 895 1554 γε
918 1472 987 1535 θεολ
1011 1473 1060 1532 καὶ
1081 1470 1217 1553 Ἐρινύες
1240 1474 1304 1552 εἰσὶ,

502 1586 650 1647 Ἀντίνοον
673 1584 730 1666 πρὸ
754 1587 860 1666 γάμοιο
883 1585 963 1660 τέλος
986 1587 1132 1647 θανάτοιο
1160 1587 1261 1666 κιχείη.

282 1706 315 1766 et
338 1704 376 1764 de
400 1702 559 1776 Oedipode
582 1701 700 1762 dicitur
721 1705 749 1773 (i
774 1703 867 1772 279):

791 1827 830 1900 τῷ
855 1811 881 1876 δ’
910 1814 998 1897 ύλλγεοι
1022 1811 1135 1876 κάλλιπ’
1162 1812 1275 1876 ὀπίσσω

481 1926 575 1989 πολλὰ
599 1924 675 2007 μάλ’,
698 1927 771 1988 ὅσσα
794 1951 823 1988 τε
847 1929 955 2008 μητρὸς
976 1924 1112 2009 Ἐρινύες
1137 1926 1326 1990 ἐκτελέουσιν.

325 2044 504 2106 Postremis
523 2043 602 2104 locis
623 2043 728 2103 Furiis
748 2043 911 2103 nonnullis
932 2045 1029 2119 certa,
1051 2043 1193 2116 definita,
1211 2045 1250 2104 ab
1274 2044 1553 2117 ceterisseparata

281 2159 445 2234 provincia
475 2158 551 2218 data
581 2157 642 2233 est,
674 2157 816 2217 nondum
849 2173 950 2217 unum
975 2157 1147 2230 collegium
1172 2158 1387 2218 constitutum
1411 2158 1471 2231 est,
1496 2157 1552 2217 sed

281 2272 347 2332 iam
378 2273 456 2332 deae
487 2270 653 2343 finguntur
680 2271 874 2344 animantes,
899 2287 958 2332 suo
982 2272 1115 2333 consilio
1139 2274 1280 2348 utentes,
1304 2286 1441 2346 quarum
1465 2271 1553 2343 origo

280 2401 343 2447 non
368 2386 579 2445 memoratur.

325 2499 385 2558 His
405 2499 509 2558 tribus
532 2498 704 2572 generibus
724 2497 891 2577 quartum
912 2498 1080 2574 addamus,
1101 2515 1164 2572 quo
1185 2499 1293 2560 cuncti
1305 2498 1367 2558 loci
1379 2497 1552 2571 Aeschylei

281 2614 313 2672 et
336 2611 451 2684 reliqui
471 2612 635 2685 epicorum
655 2614 733 2671 sunt
753 2612 919 2672 referendi.
941 2612 989 2671 lbi
1008 2611 1123 2672 Furiae
1142 2612 1174 2671 in
1196 2613 1368 2685 collegium
1390 2611 1550 2685 quoddam

280 2726 469 2786 coniunctae
500 2723 681 2799 finguntur;
710 2726 817 2785 virum
841 2727 951 2785 autem
976 2725 1253 2786 commaculatum
1276 2729 1333 2786 aut
1356 2741 1470 2785 omnes
1494 2727 1551 2784 ant

280 2839 453 2900 nonnullae
477 2840 535 2899 aut
558 2855 622 2898 una
645 2840 851 2914 pessumdat;
876 2855 990 2900 omnes
1010 2839 1257 2900 immortalitate
1278 2840 1429 2899 fruuntur
1449 2855 1552 2913 neque

280 2969 321 3014 ex
351 2953 520 3013 hominum
552 2952 727 3012 sceleribus
758 2969 861 3014 novae
892 2956 1079 3029 nascuntur,
1112 2967 1194 3026 quae
1217 2953 1356 3027 priorem
1378 2968 1550 3013 numerum

280 3068 471 3140 adaugeant.

323 3180 480 3241 Videmus
505 3181 706 3256 vocabulum,
731 3182 814 3256 quod
838 3183 926 3256 prius
947 3182 1212 3256 imprecationem
1232 3181 1417 3256 indicasset,
1439 3183 1552 3255 postea

279 3295 357 3355 deae
388 3310 486 3355 sensu
518 3295 699 3354 adhibitum
730 3310 813 3371 esse,
845 3297 980 3368 genitivi
1015 3299 1125 3356 autem
1159 3295 1442 3368 constructionem,
1475 3310 1549 3355 cum

280 3408 368 3469 vocis
403 3407 595 3481 significatio
630 3409 753 3468 sensim
789 3411 982 3483 mutaretur,
1018 3411 1155 3470 eandem
1192 3411 1363 3469 mansisse.
1381 3402 1400 3478 ¹)
1438 3409 1550 3481 Itaque

279 3522 388 3597 miror,
409 3523 491 3594 quod
515 3523 562 3582 vir
582 3523 791 3583 doctissimus
811 3523 940 3599 Robert,
961 3525 993 3583 in
1015 3524 1146 3584 Prelleri
1166 3525 1204 3584 de
1222 3523 1417 3598 ldythologia
1430 3523 1552 3584 Graeca

279 3635 418 3696 editione
448 3637 638 3711 novissima,
670 3653 740 3711 pag.
766 3638 830 3697 839
856 3652 941 3697 cum.
966 3638 1037 3698 adn.
1062 3653 1126 3699 sec.
1152 3642 1185 3698 et
1208 3639 1281 3698 adn.
1305 3653 1351 3710 pr.
1377 3653 1448 3711 pag.
1475 3639 1549 3712 837,

279 3750 463 3824 suspicatur
493 3751 584 3810 initio
609 3754 676 3810 tres
699 3751 800 3811 fuisse
824 3751 948 3826 Furias,
972 3752 1169 3825 Aeschylum
1196 3754 1306 3812 autem
1332 3753 1416 3810 hunc
1441 3766 1549 3810 numo·

278 3878 351 3923 rum
383 3863 525 3938 auxisse,
557 3865 595 3922 ut
624 3864 748 3938 integer
777 3880 818 3924 ex
845 3865 886 3924 iis
909 3863 978 3924 fieri
1002 3867 1112 3940 posset
1137 3866 1270 3938 chorus;
1296 3880 1393 3938 quam
1418 3865 1548 3937 suspici·

279 3992 373 4037 onem
406 3993 552 4053 cumea,
577 3992 673 4050 quam
698 3993 797 4052 supra
820 3977 925 4052 attuli,
950 3993 1012 4038 nou
1038 3992 1133 4052 posse
1158 3978 1273 4038 sociari
1297 3993 1402 4052 nemo,
1428 3977 1548 4052 opinor,

277 4091 417 4164 negabit.

323 4204 539 4266 confirmatur
567 4208 688 4281 autem,
721 4206 784 4265 nisi
814 4206 917 4282 fallor,
949 4205 1091 4279 suspicio
1123 4221 1196 4265 mea
1227 4207 1287 4265 hoc
1310 4218 1435 4278 quoque
1460 4218 1548 4275 argu-

278 4320 389 4380 mento
409 4334 472 4379 non
492 4335 533 4379 ex
558 4319 669 4394 lingua
693 4320 748 4380 sed
768 4335 809 4380 ex
829 4320 974 4393 ipsarum
995 4319 1145 4378 Dirarum
1165 4321 1282 4379 natura
1301 4318 1412 4392 petito.
1434 4315 1549 4376 Furiae

311 4597 329 4660 ¹)
347 4601 496 4650 Persidem
513 4603 570 4650 voci
588 4603 792 4666 „apamenam”
810 4602 934 4650 accidisse
952 4603 1007 4650 iure
1024 4604 1107 4650 Erwin
1124 4603 1213 4650 Rohde
1231 4603 1294 4649 mihi
1310 4602 1464 4648 contendere
1479 4601 1548 4648 vide·

277 4682 325 4728 tur.
345 4679 443 4739 Psyche
461 4683 607 4730 Seelsncult
625 4684 677 4729 und
695 4683 1020 4743 Unaterblichlrsitsgluubs
1038 4685 1083 4730 der
1101 4683 1228 4731 Griechcn
1248 4684 1321 4743 1894,
1339 4695 1397 4742 pag.
1415 4682 1471 4728 241.
