3536 5068
854 266 892 325 11

525 421 558 486 δι’
586 424 693 506 αἰθέρα
716 425 922 505 τεκνωθέντες,
945 419 987 487 ὧν
1004 425 1154 506 ’Όλνμτιος

522 538 618 620 πατὴρ
642 539 742 618 μονός,
765 538 837 601 ούδέ
858 564 907 600 νιν

524 651 622 712 θνατδι
645 654 734 729 φύσις
758 652 873 732 ἀνέρων

523 764 630 826 ἔτικτεν
655 763 726 826 οὐδὲ
748 767 789 844 μή
813 788 883 827 τιοτε
909 767 1008 850 λάθρη
1030 767 1242 850 κατακοιμύση.

523 878 612 960 μέγας
636 878 668 940 ἐν
692 881 806 953 τούτοις
830 880 912 956 θεός,
935 878 1006 941 οὐδὲ
1029 881 1177 961 γηράσκει.

280 993 367 1052 Haec
388 997 507 1054 canunt
528 995 670 1055 Thebani
691 997 837 1056 locastae
858 997 1025 1070 impietate
1046 1011 1121 1070 erga
1141 997 1218 1057 deos
1238 996 1332 1056 modo
1344 995 1506 1070 patefacta

234 1108 395 1180 perterriti
418 1108 453 1168 Ο.
467 1108 504 1168 R.
520 1110 704 1170 863-872.
729 1110 848 1170 Eodem
874 1111 968 1172 modu
992 1111 1137 1171 Electrae
1161 1112 1265 1184 pietas
1287 1127 1307 1170 a
1329 1110 1505 1182 virginibus

234 1222 413 1282 celebratur
435 1223 482 1284 El.
509 1225 699 1286 1093-9t:

457 1335 521 1396 ε’ττεί
542 1333 566 1396 σ’
594 1336 752 1417 ἐφηύρηκα
775 1336 863 1419 μοίρφ
888 1333 942 1413 μὲν
965 1335 1021 1397 ούκ
1044 1334 1076 1395 ἐν
1100 1335 1192 1419 ἐσθλᾷ

456 1452 602 1529 βεβῶσαν,
626 1448 646 1510 t
670 1447 702 1510 δὲ
726 1445 831 1530 μέγιστ’
857 1448 976 1529 ἔβλαστε
1000 1448 1122 1527 νόμιμα,
1144 1450 1237 1510 τῶνδε
1260 1447 1430 1528 φερομέναν

455 1561 557 1644 ύριστα
580 1576 615 1648 τᾷ
639 1563 711 1637 Διὸς
721 1567 757 1636 (ἲ)
782 1563 924 1646 εύσεβείφ.

280 1678 388 1738 Rebus
420 1679 570 1739 secundis
601 1679 696 1752 digna
724 1694 770 1754 ee,
801 1693 910 1755 nam,
935 1694 1038 1751 quae
1062 1677 1255 1738 omnibus
1278 1679 1504 1752 praestant

233 1793 376 1867 renue,
402 1807 447 1852 ea
470 1798 513 1852 tu
537 1794 576 1852 in
601 1794 752 1868 primis
775 1793 894 1852 colis,
919 1791 981 1851 Ubi
1004 1792 1181 1851 manifeste
1203 1793 1307 1852 denuo
1331 1791 1368 1850 fit
1391 1793 1504 1865 poetae

233 1907 396 1966 sententia
426 1922 595 1967 summum
627 1909 724 1979 atque
754 1907 908 1965 uitimum
933 1906 1051 1964 bunum
1077 1906 1183 1979 magis
1206 1920 1305 1979 quam
1328 1905 1503 1978 quidquam

233 2018 321 2078 aliud
344 2035 415 2080 esse
439 2022 619 2082 colendum.

278 2133 379 2194 Nemo
404 2137 514 2195 autem
538 2136 665 2208 ignorat
689 2134 873 2208 splendidos
898 2149 1021 2208 versun,
1046 2135 1079 2192 in
1103 2133 1219 2206 quibus
1242 2132 1404 2204 Antigona
1427 2131 1504 2191 dicit

232 2245 305 2318 plue
339 2247 444 2307 valere
471 2249 605 2308 deorum
631 2249 833 2308 voluntatem
858 2251 1004 2307 mortuos
1028 2248 1177 2306 honorari
1200 2246 1379 2306 iubentium
1405 2260 1501 2317 quam

234 2359 407 2432 imperium
431 2363 556 2435 regium
581 2365 614 2423 et
638 2362 728 2422 iussa
751 2363 853 2422 civice
877 2362 963 2434 (Ant.
988 2362 1167 2430 teu-tui:

520 2473 556 2535 ού
581 2475 636 2554 γάρ
659 2475 688 2533 τί
709 2498 758 2553 μοι
783 2474 858 2546 Ζεύς
882 2466 920 2552 ἦν
944 2471 959 2534 δ
983 2475 1113 2553 κηρύξας
1136 2473 1215 2550 τάδε,

522 2586 586 2648 ούδΙ
614 2584 634 2665 ἡ
658 2588 796 2661 ξύνοικος
819 2598 877 2648 τῶν
902 2587 979 2647 κάτω
1006 2592 1088 2647 θεῶν
1113 2587 1189 2665 Δίκη

517 2703 646 2762 τοιούσδ’
677 2700 708 2761 ἕν
732 2700 939 2782 ἀνθρώποισιν
964 2701 1068 2780 ὥρισεν
1091 2700 1211 2777 νόμους·

525 2811 596 2875 οὐδὲ
619 2813 740 2874 σθένειν
762 2824 904 2875 τοσοῦτον
929 2814 1030 2898 ᾠόμην
1054 2812 1089 2874 τδι
1113 2812 1150 2873 σδι

519 2924 700 3009 κηρύγμαθ’,
723 2924 785 2988 ὡστ’
813 2926 947 3008 ἄγραπτα
971 2926 1110 3004 κάσφαλῆ
1135 2932 1216 2987 θεῶν

519 3042 630 3120 νόμιμα
653 3043 805 3103 δύνασθαι
828 3040 927 3118 θνητὰ
951 3035 1044 3116 φύνθ’
1070 3039 1277 3119 ὑπερδραμεῖν.

520 3155 556 3214 οὐ
580 3155 684 3234 γάρ-τι
708 3163 765 3213 νῦν
788 3176 820 3233 γε
844 3153 962 3232 κάχθές,
986 3149 1044 3212 ἀλλ’
1071 3152 1118 3212 ἀεί
1139 3175 1208 3213 ποτε

519 3270 552 3350 ζῇ
576 3277 677 3342 ταῦτα,
700 3265 817 3338 κούδεὶς
841 3261 922 3327 οἶδεν
946 3267 975 3340 ἐξ
1001 3266 1070 3326 ὅτου
1092 3263 1195 3344 ’φάνη

276 3382 309 3440 Si
332 3395 404 3440 vero
426 3383 474 3440 ias
495 3386 528 3441 et
549 3383 600 3441 ius
620 3384 704 3441 inter
723 3399 758 3442 se
775 3386 927 3458 pugnent,
948 3384 1103 3457 pietatem
1125 3398 1201 3455 erga
1217 3384 1363 3442 mortuos
1375 3396 1503 3453 semper

231 3495 332 3568 pluris
356 3495 534 3555 faciendum
561 3512 643 3570 esse,
670 3499 702 3556 et
725 3497 757 3555 in
783 3496 944 3569 Antigona
968 3496 1077 3555 subula
1101 3499 1133 3555 et
1156 3496 1237 3554 alias
1258 3494 1392 3554 subinde
1409 3497 1503 3567 poeta

230 3607 401 3681 indicavit;
427 3609 465 3668 uf.
492 3611 566 3668 Ant.
602 3611 652 3683 75,
686 3609 738 3682 89,
773 3611 834 3668 745
863 3606 957 3684 (τιμὰς
991 3606 1042 3678 τὰς
1073 3613 1164 3677 θεῶν)
1192 3607 1290 3668 Elect.
1317 3608 1502 3685 nte-251,

234 3720 419 3781 968-981.
452 3723 502 3794 Aj.
539 3723 624 3781 1130
651 3736 719 3794 sqq.
752 3721 914 3797 (δαιμόνων
945 3720 1078 3798 νόμους),
1105 3724 1200 3797 1335,
1227 3722 1398 3781 1343-47
1424 3721 1503 3793 (τοὺς

228 3837 310 3891 θεῶν
334 3833 467 3909 νόμους),
496 3837 579 3894 1363
604 3831 677 3892 κτέ.

274 3949 317 4005 At
337 3962 399 4005 non
421 3948 527 4006 solum
548 3949 579 4006 in
601 3949 722 4020 pietate
744 3964 820 4021 erga
840 3950 926 4022 deon,
949 3952 1111 4022 parenteS,
1132 3949 1278 4008 mortuos
1298 3951 1501 4025 praestanda,

228 4059 286 4117 sed
302 4075 431 4133 semper
452 4063 549 4133 atque
570 4062 687 4133 ubique
708 4080 782 4122 cum
803 4064 855 4122 ius
875 4066 907 4122 et
927 4064 977 4122 fas
998 4065 1083 4124 inter
1102 4082 1138 4125 se
1159 4067 1285 4125 uertant
1302 4067 1335 4125 et
1354 4064 1502 4123 homines

228 4173 326 4248 aliud,
347 4175 434 4234 aliud
456 4177 498 4234 dii
519 4176 690 4250 imperant,
715 4177 765 4236 fas
785 4177 890 4248 magis
911 4192 1008 4252 quam
1031 4179 1082 4238 ius
1104 4179 1211 4238 valeat
1230 4179 1370 4253 oportet;
1396 4179 1503 4238 videte

227 4285 342 4358 fragm.
369 4290 432 4347 234
448 4281 469 4357 ¹)

263 4624 280 4686 ¹)
297 4629 449 4687 Fragmenta
468 4631 545 4676 effero
563 4629 703 4676 seeundum
723 4632 892 4679 Dindorflum.
