3536 5068
385 1082 459 1166 Du
489 1083 780 1170 OEDIPODIS
807 1082 1053 1169 Punsonl
1082 1081 1392 1169 OONOLUSIO.

301 1650 388 1726 Quae
413 1654 522 1712 omnia
545 1653 620 1726 quid
643 1652 683 1712 ad
703 1652 885 1726 Oedipum?
911 1686 949 1694 -
976 1652 1114 1712 Sanctus
1140 1667 1202 1712 non
1231 1657 1291 1728 est,
1319 1669 1395 1713 nam
1423 1669 1528 1727 neque

257 1766 308 1824 dei
342 1765 455 1826 Graeci
486 1767 592 1825 virum
623 1769 772 1826 sanctum
805 1766 937 1826 reddere
969 1767 1093 1840 curant,
1125 1781 1228 1840 neque
1260 1768 1356 1826 homo
1379 1768 1529 1828 mortalis

257 1879 435 1938 secundum
456 1878 649 1939 Graecorum
675 1880 871 1940 sententiam
896 1880 992 1939 rebus
1015 1880 1161 1939 adversis
1184 1880 1292 1954 purior
1314 1880 1352 1940 fit
1370 1882 1428 1940 aut
1449 1882 1528 1941 inte·

257 1993 351 2066 grior.
383 1992 441 2067 Qui
471 1992 604 2052 tandem
636 2008 708 2052 esse
738 1991 895 2066 fingitur?
928 2026 968 2036 -
1001 1992 1117 2052 Paucis
1143 1993 1306 2055 vocabulis
1330 1995 1528 2054 sententiam

258 2119 366 2164 meam
398 2105 592 2178 explanabo:
628 2105 787 2180 „Oedipus
810 2122 874 2166 non
896 2108 1030 2166 sanctus
1053 2107 1103 2166 est
1127 2107 1184 2167 sed
1208 2109 1336 2168 saceri”
1362 2104 1425 2185 Οὐχ
1448 2105 1529 2179 ὅσιος

257 2216 307 2276 καὶ
339 2214 429 2297 ἁγνός
460 2215 536 2277 ἐστιν
567 2212 626 2277 ἀλλ’
655 2217 740 2296 ἱερός.
766 2221 915 2295 Postea,
940 2235 1022 2293 quae
1046 2236 1143 2294 supra
1167 2221 1244 2297 dixi,
1268 2235 1333 2282 non
1354 2222 1528 2281 obscurum

258 2347 340 2407 esse,
376 2333 452 2406 quid
486 2348 572 2392 nunc
605 2333 709 2394 dicere
741 2333 851 2409 velim,
883 2333 1015 2395 confido.
1049 2334 1160 2408 Superi
1191 2335 1224 2394 in
1260 2334 1430 2408 Oedipodis
1460 2335 1529 2395 vita

258 2446 363 2518 magis
386 2461 485 2519 quam
508 2447 701 2507 inaliorum
725 2462 819 2506 suam
843 2447 1018 2507 ostendunt
1041 2449 1238 2520 potestatem
1263 2449 1296 2508 et
1316 2449 1356 2508 ad
1376 2463 1473 2508 suum
1493 2465 1529 2509 se

258 2559 427 2620 arbitrium
458 2549 646 2621 mortalium
675 2576 771 2621 casus
803 2577 912 2634 regere
943 2561 1177 2622 demonstrant.
1209 2563 1315 2622 Antea
1345 2562 1387 2622 iis
1410 2562 1532 2636 placuit

258 2672 414 2747 Oedipum
446 2678 602 2734 miserum
635 2675 776 2750 reddere,
808 2690 893 2734 nuno
909 2661 1081 2748 ¹magnum
1116 2676 1146 2735 ei
1180 2675 1321 2735 tribuere
1355 2676 1528 2736 honorem:

257 2917 355 2962 causa
379 2904 430 2962 est
452 2919 556 2976 neque
580 2903 751 2963 consilium
776 2902 826 2963 vel
850 2903 958 2976 potius
980 2917 1084 2975 neque
1108 2917 1207 2962 causa
1229 2917 1334 2975 neque
1358 2903 1529 2962 eonsilium

257 3017 295 3075 ab
320 3017 503 3082 hominibus
527 3017 678 3077 cernitur.
703 3018 745 3092 Is,
770 3031 867 3090 quem
891 3017 987 3076 antea
1010 3015 1099 3076 nulla
1120 3016 1264 3076 admissa
1284 3016 1377 3090 culpa
1396 3017 1529 3076 deorum

258 3146 375 3191 manus
405 3131 516 3206 inerat,
548 3145 644 3203 quem
677 3130 799 3205 divitia,
831 3130 984 3204 potentia,
1010 3129 1165 3190 felicitate
1189 3130 1341 3202 gavisum
1365 3131 1473 3204 superi
1496 3129 1559 3202 in⁸

257 3259 421 3304 summam
443 3245 609 3304 miseriam
632 3244 830 3320 redegerant,
851 3259 936 3303 nunc
957 3243 1045 3302 nulla
1065 3243 1104 3303 de
1128 3259 1163 3303 re
1184 3244 1264 3303 bene
1277 3209 1415 3304 meritus
1426 3258 1530 3316 neque

257 3358 408 3418 meliores
440 3359 576 3431 adeptus
603 3372 711 3416 mores
741 3357 874 3417 deorum
905 3372 1002 3431 opera
1024 3356 1179 3417 liberatur
1203 3357 1474 3418 sollicitudinibus
1497 3359 1530 3418 et

257 3487 411 3545 magnam
436 3472 520 3546 apud
543 3473 690 3546 posteros
713 3471 837 3531 obtinet
860 3471 995 3531 famam.

300 3587 410 3660 Neque
441 3586 581 3660 Oedipus
612 3586 736 3659 primus
768 3585 828 3658 est,
860 3599 958 3656 quem
990 3585 1037 3643 ita
1065 3584 1115 3644 dei
1139 3585 1291 3645 tractent.
1317 3584 1412 3644 Haud
1436 3585 1532 3645 aliter

257 3700 412 3761 Hercules
444 3715 463 3759 a
493 3700 614 3760 Iunone
638 3699 748 3758 invida
772 3700 913 3757 vexatus
935 3700 968 3757 et
991 3698 1154 3758 cruciatus
1178 3698 1282 3757 vitam
1306 3698 1395 3770 degit
1418 3698 1529 3786 labori·

255 3830 346 3874 osam
371 3816 404 3873 et
426 3812 602 3889 difficilem,
626 3813 682 3873 sed
708 3813 802 3871 vivus
826 3827 940 3871 omnes
966 3811 1135 3871 molestias
1160 3813 1193 3871 et
1213 3811 1355 3885 pericula
1377 3814 1531 3886 expertus

255 3929 491 4001 postmortem
515 3923 670 3986 ἀθάνατον
698 3926 837 3985 obtinuit
860 3921 975 4001 &petria
1000 3924 1137 3985 Prorsus
1161 3926 1274 3985 eodem
1303 3926 1399 3985 modo
1427 3926 1529 3986 Philo·

253 4044 357 4102 ctetes
390 4042 525 4101 deorum
556 4040 689 4100 oonsilio
723 4038 844 4098 multos
877 4053 980 4098 annos
1010 4038 1043 4098 in
1067 4039 1201 4098 miseria
1227 4039 1319 4114 vixit,
1344 4039 1401 4099 sed
1425 4039 1533 4099 multa

254 4156 341 4216 mala
371 4170 545 4229 perpessus
577 4156 690 4229 postea
722 4169 875 4227 magnam
902 4152 1038 4226 gloriam
1063 4153 1097 4211 et
1119 4153 1368 4227 prosperitatem
1393 4143 1531 4225 adeptus

253 4271 313 4330 eet.
335 4268 422 4344 Quae
442 4271 537 4343 poeta
556 4269 666 4328 noster
687 4268 769 4327 satis
789 4269 874 4328 clare
893 4267 945 4325 his
959 4265 1107 4326 versibus
1125 4266 1203 4326 dicit
1216 4265 1307 4335 (Phil.
1324 4265 1527 4333 1418-23tz

520 4379 570 4440 καὶ
594 4389 694 4458 πρῶτα
719 4377 772 4455 μέν
796 4396 842 4440 σοι
865 4377 916 4450 τὰς
941 4376 1012 4455 ἐμὰς
1035 4376 1106 4449 λέξω
1130 4377 1230 4456 τύχας,

521 4493 609 4564 ὅσους
632 4491 767 4567 πονήσας
790 4489 840 4548 καὶ
865 4487 1026 4560 διεξελθὼν
1049 4488 1162 4559 πόνους

519 4605 675 4669 ἀθάνατον
700 4599 806 4676 ἀοετὴν
830 4600 925 4679 ἔσχον,
948 4595 989 4669 ὡς
1010 4595 1131 4676 πάρεσθ’
1160 4597 1241 4678 ὁρᾶν.
