<?xml version="1.0" encoding="UTF-8"?>
<!DOCTYPE html PUBLIC "-//W3C//DTD XHTML 1.0 Transitional//EN"
    "http://www.w3.org/TR/xhtml1/DTD/xhtml1-transitional.dtd">
<html xmlns="http://www.w3.org/1999/xhtml" xml:lang="en" lang="en">
 <head>
  <title>
</title>
<meta http-equiv="Content-Type" content="text/html;charset=utf-8" />
  <meta name='ocr-system' content='tesseract 3.04.00' />
  <meta name='ocr-capabilities' content='ocr_page ocr_carea ocr_par ocr_line ocrx_word'/>
</head>
<body>
  <div class='ocr_page' id='page_1' title='image "./desophoclisoedi00hooygoog_0084.png"; bbox 0 0 3536 5068; ppageno 0'>
   <div class='ocr_carea' id='block_1_1' title="bbox 839 258 878 316">
    <p class='ocr_par' dir='ltr' id='par_1_1' title="bbox 839 258 878 316">
     <span class='ocr_line' id='line_1_1' title="bbox 839 258 878 316; baseline 0 0"><span class='ocrx_word' id='word_1_1' title='bbox 839 258 878 316; x_wconf 80' lang='lat'>73</span> 
     </span>
    </p>
   </div>
   <div class='ocr_carea' id='block_1_2' title="bbox 133 413 1498 4716">
    <p class='ocr_par' dir='ltr' id='par_1_2' title="bbox 223 413 1493 1398">
     <span class='ocr_line' id='line_1_2' title="bbox 223 413 1492 493; baseline 0.003 -21"><span class='ocrx_word' id='word_1_2' title='bbox 223 413 432 488; x_wconf 88' lang='lat' dir='ltr'>intellegitur.</span> <span class='ocrx_word' id='word_1_3' title='bbox 463 418 646 492; x_wconf 85' lang='lat' dir='ltr'><strong>Aeschylus</strong></span> <span class='ocrx_word' id='word_1_4' title='bbox 676 419 709 478; x_wconf 90' lang='lat' dir='ltr'>in</span> <span class='ocrx_word' id='word_1_5' title='bbox 739 420 864 480; x_wconf 90' lang='lat' dir='ltr'>duabus</span> <span class='ocrx_word' id='word_1_6' title='bbox 895 435 937 479; x_wconf 86' lang='lat' dir='ltr'>ex</span> <span class='ocrx_word' id='word_1_7' title='bbox 963 421 1089 493; x_wconf 83' lang='lat' dir='ltr'>septem</span> <span class='ocrx_word' id='word_1_8' title='bbox 1114 417 1246 491; x_wconf 87' lang='lat' dir='ltr'>reliquis</span> <span class='ocrx_word' id='word_1_9' title='bbox 1269 416 1387 477; x_wconf 81' lang='lat' dir='ltr'>fabulis</span> <span class='ocrx_word' id='word_1_10' title='bbox 1411 418 1492 486; x_wconf 91' lang='lat' dir='ltr'>(Pro-</span> 
     </span>
     <span class='ocr_line' id='line_1_3' title="bbox 224 527 1492 607; baseline 0.002 -21"><span class='ocrx_word' id='word_1_11' title='bbox 224 527 355 588; x_wconf 90' lang='lat' dir='ltr'>metheo</span> <span class='ocrx_word' id='word_1_12' title='bbox 378 530 410 588; x_wconf 90' lang='lat' dir='ltr'>et</span> <span class='ocrx_word' id='word_1_13' title='bbox 433 530 675 603; x_wconf 77' lang='lat' dir='ltr'>Eumenidibus)</span> <span class='ocrx_word' id='word_1_14' title='bbox 699 533 732 592; x_wconf 89' lang='lat' dir='ltr'>iu</span> <span class='ocrx_word' id='word_1_15' title='bbox 756 533 870 607; x_wconf 87' lang='lat' dir='ltr'>primis</span> <span class='ocrx_word' id='word_1_16' title='bbox 893 547 1028 607; x_wconf 86' lang='lat' dir='ltr'>superos</span> <span class='ocrx_word' id='word_1_17' title='bbox 1048 532 1183 605; x_wconf 80' lang='lat' dir='ltr'>agentes</span> <span class='ocrx_word' id='word_1_18' title='bbox 1203 531 1354 604; x_wconf 74' lang='lat' dir='ltr'>ostendit,</span> <span class='ocrx_word' id='word_1_19' title='bbox 1377 529 1492 605; x_wconf 86' lang='lat' dir='ltr'>Sopho·</span> 
     </span>
     <span class='ocr_line' id='line_1_4' title="bbox 224 640 1493 718; baseline -0.001 -17"><span class='ocrx_word' id='word_1_20' title='bbox 224 640 291 701; x_wconf 87' lang='lat' dir='ltr'>cles</span> <span class='ocrx_word' id='word_1_21' title='bbox 323 658 399 703; x_wconf 90' lang='lat' dir='ltr'>vero</span> <span class='ocrx_word' id='word_1_22' title='bbox 428 643 462 702; x_wconf 91' lang='lat' dir='ltr'>iu</span> <span class='ocrx_word' id='word_1_23' title='bbox 485 659 616 703; x_wconf 84' lang='lat' dir='ltr'>scenam</span> <span class='ocrx_word' id='word_1_24' title='bbox 642 644 708 704; x_wconf 85' lang='lat' dir='ltr'>iere</span> <span class='ocrx_word' id='word_1_25' title='bbox 730 659 897 718; x_wconf 89' lang='lat' dir='ltr'>nunquam</span> <span class='ocrx_word' id='word_1_26' title='bbox 924 646 1001 705; x_wconf 87' lang='lat' dir='ltr'>deos</span> <span class='ocrx_word' id='word_1_27' title='bbox 1024 642 1219 718; x_wconf 80' lang='lat' dir='ltr'>prodeuntes</span> <span class='ocrx_word' id='word_1_28' title='bbox 1242 642 1329 702; x_wconf 85' lang='lat' dir='ltr'>iacit.</span> <span class='ocrx_word' id='word_1_29' title='bbox 1352 642 1391 700; x_wconf 94' lang='lat' dir='ltr'>In</span> <span class='ocrx_word' id='word_1_30' title='bbox 1414 641 1493 701; x_wconf 86' lang='lat' dir='ltr'>anti·</span> 
     </span>
     <span class='ocr_line' id='line_1_5' title="bbox 224 753 1493 831; baseline 0.001 -18"><span class='ocrx_word' id='word_1_31' title='bbox 224 753 385 825; x_wconf 89' lang='lat' dir='ltr'>quissima</span> <span class='ocrx_word' id='word_1_32' title='bbox 406 771 484 816; x_wconf 89' lang='lat' dir='ltr'>sane</span> <span class='ocrx_word' id='word_1_33' title='bbox 508 756 618 817; x_wconf 87' lang='lat' dir='ltr'>fabula</span> <span class='ocrx_word' id='word_1_34' title='bbox 641 758 740 818; x_wconf 83' lang='lat' dir='ltr'>Aiace</span> <span class='ocrx_word' id='word_1_35' title='bbox 763 759 933 831; x_wconf 84' lang='lat' dir='ltr'>antiquum</span> <span class='ocrx_word' id='word_1_36' title='bbox 957 771 1084 816; x_wconf 91' lang='lat' dir='ltr'>morem</span> <span class='ocrx_word' id='word_1_37' title='bbox 1106 757 1202 830; x_wconf 83' lang='lat' dir='ltr'>poeta</span> <span class='ocrx_word' id='word_1_38' title='bbox 1225 757 1357 815; x_wconf 90' lang='lat' dir='ltr'>secutus</span> <span class='ocrx_word' id='word_1_39' title='bbox 1381 754 1493 815; x_wconf 87' lang='lat' dir='ltr'>Minor·</span> 
     </span>
     <span class='ocr_line' id='line_1_6' title="bbox 224 866 1492 946; baseline 0.002 -21"><span class='ocrx_word' id='word_1_40' title='bbox 224 881 300 926; x_wconf 87' lang='lat' dir='ltr'>vam</span> <span class='ocrx_word' id='word_1_41' title='bbox 324 868 479 946; x_wconf 83' lang='lat' dir='ltr'><strong>producit,</strong></span> <span class='ocrx_word' id='word_1_42' title='bbox 503 870 561 930; x_wconf 90' lang='lat' dir='ltr'>sed</span> <span class='ocrx_word' id='word_1_43' title='bbox 584 885 658 930; x_wconf 90' lang='lat' dir='ltr'>cum</span> <span class='ocrx_word' id='word_1_44' title='bbox 684 871 717 929; x_wconf 92' lang='lat' dir='ltr'>in</span> <span class='ocrx_word' id='word_1_45' title='bbox 741 871 918 932; x_wconf 81' lang='lat' dir='ltr'>Philoctete</span> <span class='ocrx_word' id='word_1_46' title='bbox 942 871 1045 930; x_wconf 91' lang='lat' dir='ltr'>nodus</span> <span class='ocrx_word' id='word_1_47' title='bbox 1071 869 1195 929; x_wconf 87' lang='lat' dir='ltr'>vindice</span> <span class='ocrx_word' id='word_1_48' title='bbox 1225 868 1333 928; x_wconf 89' lang='lat' dir='ltr'>divino</span> <span class='ocrx_word' id='word_1_49' title='bbox 1357 869 1410 928; x_wconf 90' lang='lat' dir='ltr'>est</span> <span class='ocrx_word' id='word_1_50' title='bbox 1432 866 1492 928; x_wconf 90' lang='lat' dir='ltr'>sol·</span> 
     </span>
     <span class='ocr_line' id='line_1_7' title="bbox 224 983 1492 1059; baseline 0.001 -18"><span class='ocrx_word' id='word_1_51' title='bbox 224 983 358 1059; x_wconf 88' lang='lat' dir='ltr'>vendus,</span> <span class='ocrx_word' id='word_1_52' title='bbox 389 999 453 1045; x_wconf 92' lang='lat' dir='ltr'>non</span> <span class='ocrx_word' id='word_1_53' title='bbox 480 1000 498 1044; x_wconf 93' lang='lat' dir='ltr'>e</span> <span class='ocrx_word' id='word_1_54' title='bbox 529 985 656 1058; x_wconf 88' lang='lat' dir='ltr'>superis</span> <span class='ocrx_word' id='word_1_55' title='bbox 687 985 804 1057; x_wconf 87' lang='lat' dir='ltr'>aliquis</span> <span class='ocrx_word' id='word_1_56' title='bbox 828 1000 942 1045; x_wconf 88' lang='lat' dir='ltr'>varum</span> <span class='ocrx_word' id='word_1_57' title='bbox 972 984 1012 1059; x_wconf 92' lang='lat' dir='ltr'>is,</span> <span class='ocrx_word' id='word_1_58' title='bbox 1037 984 1092 1057; x_wconf 89' lang='lat' dir='ltr'>qui</span> <span class='ocrx_word' id='word_1_59' title='bbox 1117 985 1214 1044; x_wconf 91' lang='lat' dir='ltr'>antea</span> <span class='ocrx_word' id='word_1_60' title='bbox 1236 983 1322 1043; x_wconf 89' lang='lat' dir='ltr'>inter</span> <span class='ocrx_word' id='word_1_61' title='bbox 1344 983 1492 1043; x_wconf 90' lang='lat' dir='ltr'>homines</span> 
     </span>
     <span class='ocr_line' id='line_1_8' title="bbox 225 1095 1493 1173; baseline 0.003 -20"><span class='ocrx_word' id='word_1_62' title='bbox 225 1095 373 1170; x_wconf 85' lang='lat' dir='ltr'>vixisset,</span> <span class='ocrx_word' id='word_1_63' title='bbox 405 1097 572 1173; x_wconf 75' lang='lat' dir='ltr'>Herculea,</span> <span class='ocrx_word' id='word_1_64' title='bbox 608 1113 645 1159; x_wconf 90' lang='lat' dir='ltr'>eo</span> <span class='ocrx_word' id='word_1_65' title='bbox 681 1114 815 1158; x_wconf 92' lang='lat' dir='ltr'>munere</span> <span class='ocrx_word' id='word_1_66' title='bbox 847 1098 1006 1172; x_wconf 85' lang='lat' dir='ltr'>fungitur;</span> <span class='ocrx_word' id='word_1_67' title='bbox 1041 1099 1121 1156; x_wconf 92' lang='lat' dir='ltr'>item</span> <span class='ocrx_word' id='word_1_68' title='bbox 1152 1111 1228 1156; x_wconf 92' lang='lat' dir='ltr'>cum</span> <span class='ocrx_word' id='word_1_69' title='bbox 1255 1097 1289 1155; x_wconf 90' lang='lat' dir='ltr'>iu</span> <span class='ocrx_word' id='word_1_70' title='bbox 1315 1096 1493 1173; x_wconf 87' lang='lat' dir='ltr'>,Oedipode</span> 
     </span>
     <span class='ocr_line' id='line_1_9' title="bbox 225 1205 1493 1287; baseline 0.003 -21"><span class='ocrx_word' id='word_1_71' title='bbox 225 1205 382 1270; x_wconf 89' lang='lat' dir='ltr'>Ooloneo&#39;&#39;</span> <span class='ocrx_word' id='word_1_72' title='bbox 417 1225 519 1272; x_wconf 88' lang='lat' dir='ltr'>senex</span> <span class='ocrx_word' id='word_1_73' title='bbox 554 1227 572 1271; x_wconf 95' lang='lat' dir='ltr'>e</span> <span class='ocrx_word' id='word_1_74' title='bbox 603 1212 672 1272; x_wconf 79' lang='lat' dir='ltr'>uita</span> <span class='ocrx_word' id='word_1_75' title='bbox 694 1213 901 1273; x_wconf 90' lang='lat' dir='ltr'>abducendus</span> <span class='ocrx_word' id='word_1_76' title='bbox 930 1213 989 1287; x_wconf 89' lang='lat' dir='ltr'>est,</span> <span class='ocrx_word' id='word_1_77' title='bbox 1015 1226 1078 1271; x_wconf 91' lang='lat' dir='ltr'>nou</span> <span class='ocrx_word' id='word_1_78' title='bbox 1103 1211 1183 1271; x_wconf 91' lang='lat' dir='ltr'>deus</span> <span class='ocrx_word' id='word_1_79' title='bbox 1206 1211 1410 1287; x_wconf 84' lang='lat' dir='ltr'>conspicitur,</span> <span class='ocrx_word' id='word_1_80' title='bbox 1435 1211 1493 1270; x_wconf 91' lang='lat' dir='ltr'>sed</span> 
     </span>
     <span class='ocr_line' id='line_1_10' title="bbox 225 1323 691 1398; baseline 0.013 -19"><span class='ocrx_word' id='word_1_81' title='bbox 225 1335 288 1381; x_wconf 85' lang='lat' dir='ltr'>vox</span> <span class='ocrx_word' id='word_1_82' title='bbox 311 1337 329 1382; x_wconf 91' lang='lat' dir='ltr'>e</span> <span class='ocrx_word' id='word_1_83' title='bbox 352 1323 526 1398; x_wconf 88' lang='lat' dir='ltr'>longinquo</span> <span class='ocrx_word' id='word_1_84' title='bbox 551 1325 691 1386; x_wconf 88' lang='lat' dir='ltr'>auditur.</span> 
     </span>
    </p>

    <p class='ocr_par' dir='ltr' id='par_1_3' title="bbox 222 1434 1495 2086">
     <span class='ocr_line' id='line_1_11' title="bbox 267 1434 1491 1517; baseline 0.003 -22"><span class='ocrx_word' id='word_1_85' title='bbox 267 1434 338 1496; x_wconf 88' lang='lat' dir='ltr'>Non</span> <span class='ocrx_word' id='word_1_86' title='bbox 370 1438 469 1511; x_wconf 89' lang='lat' dir='ltr'>igitur</span> <span class='ocrx_word' id='word_1_87' title='bbox 503 1439 673 1499; x_wconf 79' lang='lat' dir='ltr'>Furiamm</span> <span class='ocrx_word' id='word_1_88' title='bbox 704 1442 832 1517; x_wconf 87' lang='lat' dir='ltr'>praeda,</span> <span class='ocrx_word' id='word_1_89' title='bbox 864 1443 901 1501; x_wconf 90' lang='lat' dir='ltr'>ut</span> <span class='ocrx_word' id='word_1_90' title='bbox 923 1441 1069 1501; x_wconf 91' lang='lat' dir='ltr'>nonnulli</span> <span class='ocrx_word' id='word_1_91' title='bbox 1097 1440 1304 1515; x_wconf 89' lang='lat' dir='ltr'>contendunt,</span> <span class='ocrx_word' id='word_1_92' title='bbox 1329 1441 1414 1514; x_wconf 88' lang='lat' dir='ltr'>apud</span> <span class='ocrx_word' id='word_1_93' title='bbox 1439 1439 1491 1499; x_wconf 84' lang='lat' dir='ltr'>So·</span> 
     </span>
     <span class='ocr_line' id='line_1_12' title="bbox 223 1548 1493 1628; baseline 0.002 -19"><span class='ocrx_word' id='word_1_94' title='bbox 223 1548 371 1622; x_wconf 90' lang='lat' dir='ltr'>phoclem</span> <span class='ocrx_word' id='word_1_95' title='bbox 383 1551 515 1626; x_wconf 86' lang='lat' dir='ltr'>lingitur</span> <span class='ocrx_word' id='word_1_96' title='bbox 531 1553 672 1628; x_wconf 88' lang='lat' dir='ltr'>Oedipus</span> <span class='ocrx_word' id='word_1_97' title='bbox 688 1570 746 1614; x_wconf 86' lang='lat' dir='ltr'>rex</span> <span class='ocrx_word' id='word_1_98' title='bbox 766 1557 822 1616; x_wconf 89' lang='lat' dir='ltr'>sed</span> <span class='ocrx_word' id='word_1_99' title='bbox 843 1556 941 1615; x_wconf 91' lang='lat' dir='ltr'>homo</span> <span class='ocrx_word' id='word_1_100' title='bbox 960 1556 1094 1615; x_wconf 90' lang='lat' dir='ltr'>deorum</span> <span class='ocrx_word' id='word_1_101' title='bbox 1114 1569 1305 1628; x_wconf 88' lang='lat' dir='ltr'>superorum</span> <span class='ocrx_word' id='word_1_102' title='bbox 1325 1552 1493 1614; x_wconf 86' lang='lat' dir='ltr'>voluntate</span> 
     </span>
     <span class='ocr_line' id='line_1_13' title="bbox 223 1647 1492 1744; baseline 0.002 -22"><span class='ocrx_word' id='word_1_103' title='bbox 223 1665 257 1722; x_wconf 92' lang='lat' dir='ltr'>et</span> <span class='ocrx_word' id='word_1_104' title='bbox 286 1665 420 1726; x_wconf 90' lang='lat' dir='ltr'>consilio</span> <span class='ocrx_word' id='word_1_105' title='bbox 451 1667 592 1728; x_wconf 87' lang='lat' dir='ltr'>afflictus</span> <span class='ocrx_word' id='word_1_106' title='bbox 624 1670 657 1728; x_wconf 90' lang='lat' dir='ltr'>et</span> <span class='ocrx_word' id='word_1_107' title='bbox 687 1669 886 1744; x_wconf 87' lang='lat' dir='ltr'>profligatus.</span> <span class='ocrx_word' id='word_1_108' title='bbox 915 1669 995 1744; x_wconf 80' lang='lat' dir='ltr'>Quid</span> <span class='ocrx_word' id='word_1_109' title='bbox 1023 1669 1141 1729; x_wconf 89' lang='lat' dir='ltr'>chorus</span> <span class='ocrx_word' id='word_1_110' title='bbox 1164 1647 1198 1726; x_wconf 83' lang='lat' dir='ltr'>in</span> <span class='ocrx_word' id='word_1_111' title='bbox 1222 1668 1393 1740; x_wconf 87' lang='lat' dir='ltr'>Antigona,</span> <span class='ocrx_word' id='word_1_112' title='bbox 1418 1681 1492 1726; x_wconf 92' lang='lat' dir='ltr'>cum</span> 
     </span>
     <span class='ocr_line' id='line_1_14' title="bbox 223 1776 1495 1856; baseline 0.003 -20"><span class='ocrx_word' id='word_1_113' title='bbox 223 1776 477 1842; x_wconf 86' lang='lat' dir='ltr'>Labdacidarum</span> <span class='ocrx_word' id='word_1_114' title='bbox 501 1782 708 1843; x_wconf 85' lang='lat' dir='ltr'>calamitates</span> <span class='ocrx_word' id='word_1_115' title='bbox 732 1785 963 1856; x_wconf 82' lang='lat' dir='ltr'>conqueritur?</span> <span class='ocrx_word' id='word_1_116' title='bbox 988 1782 1153 1841; x_wconf 78' lang='lat' dir='ltr'>Furiasne¹</span> <span class='ocrx_word' id='word_1_117' title='bbox 1168 1796 1206 1841; x_wconf 89' lang='lat' dir='ltr'>ea</span> <span class='ocrx_word' id='word_1_118' title='bbox 1229 1781 1340 1841; x_wconf 88' lang='lat' dir='ltr'>omnia</span> <span class='ocrx_word' id='word_1_119' title='bbox 1362 1780 1495 1841; x_wconf 89' lang='lat' dir='ltr'>molitas</span> 
     </span>
     <span class='ocr_line' id='line_1_15' title="bbox 222 1894 1495 1974; baseline 0.003 -24"><span class='ocrx_word' id='word_1_120' title='bbox 222 1905 295 1951; x_wconf 88' lang='lat' dir='ltr'>osse</span> <span class='ocrx_word' id='word_1_121' title='bbox 314 1894 485 1968; x_wconf 85' lang='lat' dir='ltr'>perhibet?</span> <span class='ocrx_word' id='word_1_122' title='bbox 506 1931 546 1940; x_wconf 96' lang='lat'>—</span> <span class='ocrx_word' id='word_1_123' title='bbox 567 1898 674 1958; x_wconf 92' lang='lat' dir='ltr'>Immo</span> <span class='ocrx_word' id='word_1_124' title='bbox 696 1913 781 1974; x_wconf 86' lang='lat' dir='ltr'>vero,</span> <span class='ocrx_word' id='word_1_125' title='bbox 799 1898 942 1973; x_wconf 90' lang='lat' dir='ltr'>Iuppiter</span> <span class='ocrx_word' id='word_1_126' title='bbox 961 1899 1153 1972; x_wconf 89' lang='lat' dir='ltr'>auctorest,</span> <span class='ocrx_word' id='word_1_127' title='bbox 1174 1897 1261 1957; x_wconf 84' lang='lat' dir='ltr'>Iovis</span> <span class='ocrx_word' id='word_1_128' title='bbox 1284 1897 1318 1956; x_wconf 91' lang='lat' dir='ltr'>in</span> <span class='ocrx_word' id='word_1_129' title='bbox 1337 1896 1379 1955; x_wconf 89' lang='lat' dir='ltr'>iis</span> <span class='ocrx_word' id='word_1_130' title='bbox 1398 1895 1495 1954; x_wconf 90' lang='lat' dir='ltr'>rebus</span> 
     </span>
     <span class='ocr_line' id='line_1_16' title="bbox 223 2007 829 2086; baseline 0.017 -23"><span class='ocrx_word' id='word_1_131' title='bbox 223 2007 365 2068; x_wconf 81' lang='lat' dir='ltr'>cemttur</span> <span class='ocrx_word' id='word_1_132' title='bbox 388 2012 533 2083; x_wconf 87' lang='lat' dir='ltr'>potestas</span> <span class='ocrx_word' id='word_1_133' title='bbox 557 2015 616 2083; x_wconf 84' lang='lat' dir='ltr'>(vs.</span> <span class='ocrx_word' id='word_1_134' title='bbox 642 2014 707 2074; x_wconf 80' lang='lat'>594</span> <span class='ocrx_word' id='word_1_135' title='bbox 731 2017 829 2086; x_wconf 86' lang='lat' dir='ltr'>sqq.):</span> 
     </span>
    </p>

    <p class='ocr_par' dir='ltr' id='par_1_4' title="bbox 532 2121 1288 2317">
     <span class='ocr_line' id='line_1_17' title="bbox 534 2121 1173 2205; baseline 0 -21"><span class='ocrx_word' id='word_1_136' title='bbox 534 2123 641 2205; x_wconf 79' lang='grc' dir='ltr'><strong><em>ἀρχαῖα</em></strong></span> <span class='ocrx_word' id='word_1_137' title='bbox 663 2125 699 2185; x_wconf 84' lang='grc' dir='ltr'>τὰ</span> <span class='ocrx_word' id='word_1_138' title='bbox 721 2125 921 2204; x_wconf 80' lang='grc' dir='ltr'><strong><em>Λαβδακιδᾶν</em></strong></span> <span class='ocrx_word' id='word_1_139' title='bbox 945 2124 1036 2185; x_wconf 82' lang='grc' dir='ltr'><strong><em>οἴκων</em></strong></span> <span class='ocrx_word' id='word_1_140' title='bbox 1060 2121 1173 2204; x_wconf 79' lang='grc' dir='ltr'><strong><em>ὁρῶμαι</em></strong></span> 
     </span>
     <span class='ocr_line' id='line_1_18' title="bbox 532 2233 1288 2317; baseline -0.003 -18"><span class='ocrx_word' id='word_1_141' title='bbox 532 2238 653 2316; x_wconf 80' lang='grc' dir='ltr'><em>πήματα</em></span> <span class='ocrx_word' id='word_1_142' title='bbox 675 2237 834 2317; x_wconf 78' lang='grc' dir='ltr'><strong><em>φθιμένων</em></strong></span> <span class='ocrx_word' id='word_1_143' title='bbox 858 2237 906 2299; x_wconf 73' lang='grc' dir='ltr'>ἐπὶ</span> <span class='ocrx_word' id='word_1_144' title='bbox 929 2237 1044 2317; x_wconf 79' lang='grc' dir='ltr'><strong><em>πήμασι</em></strong></span> <span class='ocrx_word' id='word_1_145' title='bbox 1067 2233 1210 2315; x_wconf 80' lang='grc' dir='ltr'><strong><em>πίπτοντ’,</em></strong></span> <span class='ocrx_word' id='word_1_146' title='bbox 1232 2236 1288 2298; x_wconf 67' lang='lat' dir='ltr'>nrt.</span> 
     </span>
    </p>

    <p class='ocr_par' dir='ltr' id='par_1_5' title="bbox 266 2348 785 2427">
     <span class='ocr_line' id='line_1_19' title="bbox 266 2348 785 2427; baseline 0.015 -20"><span class='ocrx_word' id='word_1_147' title='bbox 266 2348 354 2424; x_wconf 80' lang='lat' dir='ltr'>Quae</span> <span class='ocrx_word' id='word_1_148' title='bbox 377 2353 498 2427; x_wconf 84' lang='lat' dir='ltr'>excipit</span> <span class='ocrx_word' id='word_1_149' title='bbox 520 2354 580 2414; x_wconf 93' lang='lat' dir='ltr'>hoc</span> <span class='ocrx_word' id='word_1_150' title='bbox 604 2356 785 2416; x_wconf 91' lang='lat' dir='ltr'>canticum:</span> 
     </span>
    </p>

    <p class='ocr_par' dir='ltr' id='par_1_6' title="bbox 531 2465 1060 2661">
     <span class='ocr_line' id='line_1_20' title="bbox 531 2465 1060 2545; baseline 0 -20"><span class='ocrx_word' id='word_1_151' title='bbox 531 2467 574 2538; x_wconf 84' lang='grc' dir='ltr'>τίς</span> <span class='ocrx_word' id='word_1_152' title='bbox 598 2467 664 2545; x_wconf 83' lang='grc' dir='ltr'><strong><em>σάν,</em></strong></span> <span class='ocrx_word' id='word_1_153' title='bbox 688 2472 758 2545; x_wconf 79' lang='grc' dir='ltr'><strong><em>Ζεῦ,</em></strong></span> <span class='ocrx_word' id='word_1_154' title='bbox 781 2467 918 2544; x_wconf 81' lang='grc' dir='ltr'><strong><em>δύνασιν,</em></strong></span> <span class='ocrx_word' id='word_1_155' title='bbox 940 2466 984 2538; x_wconf 83' lang='grc' dir='ltr'>τίς</span> <span class='ocrx_word' id='word_1_156' title='bbox 1008 2465 1060 2526; x_wconf 84' lang='grc' dir='ltr'>ἀν-</span> 
     </span>
     <span class='ocr_line' id='line_1_21' title="bbox 536 2579 1058 2661; baseline 0 -21"><span class='ocrx_word' id='word_1_157' title='bbox 536 2581 615 2659; x_wconf 80' lang='grc' dir='ltr'><strong><em>δρῶν</em></strong></span> <span class='ocrx_word' id='word_1_158' title='bbox 638 2580 805 2661; x_wconf 80' lang='grc' dir='ltr'><strong><em>ὑπερβασία</em></strong></span> <span class='ocrx_word' id='word_1_159' title='bbox 827 2581 977 2660; x_wconf 81' lang='grc' dir='ltr'><strong><em>κατάσχοι,</em></strong></span> <span class='ocrx_word' id='word_1_160' title='bbox 1002 2579 1058 2641; x_wconf 84' lang='grc' dir='ltr'><strong><em>ιιτὲ.</em></strong></span> 
     </span>
    </p>

    <p class='ocr_par' dir='ltr' id='par_1_7' title="bbox 224 2690 1497 2880">
     <span class='ocr_line' id='line_1_22' title="bbox 268 2690 1497 2772; baseline 0.006 -23"><span class='ocrx_word' id='word_1_161' title='bbox 268 2690 385 2752; x_wconf 91' lang='lat' dir='ltr'>Omnia</span> <span class='ocrx_word' id='word_1_162' title='bbox 418 2709 438 2754; x_wconf 91' lang='lat' dir='ltr'>a</span> <span class='ocrx_word' id='word_1_163' title='bbox 468 2696 518 2755; x_wconf 88' lang='lat' dir='ltr'>dis</span> <span class='ocrx_word' id='word_1_164' title='bbox 549 2698 675 2771; x_wconf 89' lang='lat' dir='ltr'>superis</span> <span class='ocrx_word' id='word_1_165' title='bbox 706 2696 924 2772; x_wconf 87' lang='lat' dir='ltr'>perficiuntur,</span> <span class='ocrx_word' id='word_1_166' title='bbox 950 2698 1065 2757; x_wconf 84' lang='lat' dir='ltr'>Furiae</span> <span class='ocrx_word' id='word_1_167' title='bbox 1092 2697 1289 2771; x_wconf 89' lang='lat' dir='ltr'>potestatem</span> <span class='ocrx_word' id='word_1_168' title='bbox 1313 2712 1417 2770; x_wconf 90' lang='lat' dir='ltr'>neque</span> <span class='ocrx_word' id='word_1_169' title='bbox 1442 2696 1497 2756; x_wconf 90' lang='lat' dir='ltr'>ha·</span> 
     </span>
     <span class='ocr_line' id='line_1_23' title="bbox 224 2804 635 2880; baseline 0.022 -17"><span class='ocrx_word' id='word_1_170' title='bbox 224 2804 300 2865; x_wconf 87' lang='lat' dir='ltr'>tent</span> <span class='ocrx_word' id='word_1_171' title='bbox 322 2823 427 2880; x_wconf 89' lang='lat' dir='ltr'>neque</span> <span class='ocrx_word' id='word_1_172' title='bbox 450 2811 635 2872; x_wconf 91' lang='lat' dir='ltr'>ostendunt.</span> 
     </span>
    </p>

    <p class='ocr_par' dir='ltr' id='par_1_8' title="bbox 265 2918 1498 3000">
     <span class='ocr_line' id='line_1_24' title="bbox 265 2918 1498 3000; baseline 0.006 -23"><span class='ocrx_word' id='word_1_173' title='bbox 265 2918 310 2978; x_wconf 88' lang='lat' dir='ltr'>At</span> <span class='ocrx_word' id='word_1_174' title='bbox 344 2921 377 2979; x_wconf 91' lang='lat' dir='ltr'>in</span> <span class='ocrx_word' id='word_1_175' title='bbox 412 2921 521 2984; x_wconf 86' lang='lat' dir='ltr'>fabula</span> <span class='ocrx_word' id='word_1_176' title='bbox 552 2924 671 2999; x_wconf 88' lang='lat' dir='ltr'>Oedipo</span> <span class='ocrx_word' id='word_1_177' title='bbox 703 2925 839 2985; x_wconf 90' lang='lat' dir='ltr'>Ooloneo</span> <span class='ocrx_word' id='word_1_178' title='bbox 870 2941 984 2985; x_wconf 90' lang='lat' dir='ltr'>omnes</span> <span class='ocrx_word' id='word_1_179' title='bbox 1015 2925 1076 2984; x_wconf 86' lang='lat' dir='ltr'>viri</span> <span class='ocrx_word' id='word_1_180' title='bbox 1108 2925 1204 3000; x_wconf 87' lang='lat' dir='ltr'>docti,</span> <span class='ocrx_word' id='word_1_181' title='bbox 1235 2925 1291 2998; x_wconf 87' lang='lat' dir='ltr'>qui</span> <span class='ocrx_word' id='word_1_182' title='bbox 1314 2925 1375 2985; x_wconf 92' lang='lat' dir='ltr'>hac</span> <span class='ocrx_word' id='word_1_183' title='bbox 1399 2925 1438 2986; x_wconf 92' lang='lat' dir='ltr'>de</span> <span class='ocrx_word' id='word_1_184' title='bbox 1462 2939 1498 2984; x_wconf 90' lang='lat' dir='ltr'>re</span> 
     </span>
    </p>

    <p class='ocr_par' dir='ltr' id='par_1_9' title="bbox 133 3017 1498 4254">
     <span class='ocr_line' id='line_1_25' title="bbox 222 3017 1497 3115; baseline 0.005 -24"><span class='ocrx_word' id='word_1_185' title='bbox 222 3017 419 3096; x_wconf 85' lang='lat' dir='ltr'>sententiam</span> <span class='ocrx_word' id='word_1_186' title='bbox 445 3037 662 3115; x_wconf 89' lang='lat' dir='ltr'>prodiderunt,</span> <span class='ocrx_word' id='word_1_187' title='bbox 688 3042 818 3113; x_wconf 85' lang='lat' dir='ltr'>poetam</span> <span class='ocrx_word' id='word_1_188' title='bbox 842 3040 880 3099; x_wconf 92' lang='lat' dir='ltr'>de</span> <span class='ocrx_word' id='word_1_189' title='bbox 904 3039 1052 3099; x_wconf 92' lang='lat' dir='ltr'>consulto</span> <span class='ocrx_word' id='word_1_190' title='bbox 1076 3039 1233 3113; x_wconf 88' lang='lat' dir='ltr'>Oedipum</span> <span class='ocrx_word' id='word_1_191' title='bbox 1264 3037 1298 3097; x_wconf 94' lang='lat' dir='ltr'>in</span> <span class='ocrx_word' id='word_1_192' title='bbox 1324 3037 1497 3098; x_wconf 84' lang='lat' dir='ltr'>Furiarum</span> 
     </span>
     <span class='ocr_line' id='line_1_26' title="bbox 220 3145 1498 3227; baseline 0.005 -23"><span class='ocrx_word' id='word_1_193' title='bbox 220 3145 331 3206; x_wconf 90' lang='lat' dir='ltr'>lucum</span> <span class='ocrx_word' id='word_1_194' title='bbox 355 3150 388 3207; x_wconf 92' lang='lat' dir='ltr'>et</span> <span class='ocrx_word' id='word_1_195' title='bbox 411 3150 571 3224; x_wconf 87' lang='lat' dir='ltr'>templum</span> <span class='ocrx_word' id='word_1_196' title='bbox 595 3151 729 3212; x_wconf 82' lang='lat' dir='ltr'>duxisse</span> <span class='ocrx_word' id='word_1_197' title='bbox 752 3156 896 3227; x_wconf 89' lang='lat' dir='ltr'>censent,</span> <span class='ocrx_word' id='word_1_198' title='bbox 928 3153 965 3212; x_wconf 89' lang='lat' dir='ltr'>ut</span> <span class='ocrx_word' id='word_1_199' title='bbox 987 3153 1025 3226; x_wconf 90' lang='lat' dir='ltr'>is,</span> <span class='ocrx_word' id='word_1_200' title='bbox 1055 3167 1152 3225; x_wconf 89' lang='lat' dir='ltr'>quem</span> <span class='ocrx_word' id='word_1_201' title='bbox 1176 3166 1232 3226; x_wconf 87' lang='lat' dir='ltr'>per</span> <span class='ocrx_word' id='word_1_202' title='bbox 1261 3152 1365 3211; x_wconf 89' lang='lat' dir='ltr'>totam</span> <span class='ocrx_word' id='word_1_203' title='bbox 1392 3153 1498 3212; x_wconf 86' lang='lat' dir='ltr'>vitam</span> 
     </span>
     <span class='ocr_line' id='line_1_27' title="bbox 220 3259 1496 3342; baseline 0.005 -24"><span class='ocrx_word' id='word_1_204' title='bbox 220 3259 336 3320; x_wconf 81' lang='lat' dir='ltr'>Furiae</span> <span class='ocrx_word' id='word_1_205' title='bbox 368 3267 558 3335; x_wconf 86' lang='lat' dir='ltr'>persecutae</span> <span class='ocrx_word' id='word_1_206' title='bbox 589 3273 710 3342; x_wconf 81' lang='lat' dir='ltr'>essent,</span> <span class='ocrx_word' id='word_1_207' title='bbox 742 3267 884 3326; x_wconf 88' lang='lat' dir='ltr'>moriens</span> <span class='ocrx_word' id='word_1_208' title='bbox 918 3266 1050 3326; x_wconf 90' lang='lat' dir='ltr'>illarum</span> <span class='ocrx_word' id='word_1_209' title='bbox 1082 3268 1310 3339; x_wconf 85' lang='lat' dir='ltr'>assequeretur</span> <span class='ocrx_word' id='word_1_210' title='bbox 1343 3266 1496 3342; x_wconf 86' lang='lat' dir='ltr'>gratiam,</span> 
     </span>
     <span class='ocr_line' id='line_1_28' title="bbox 220 3380 1498 3458; baseline 0.005 -23"><span class='ocrx_word' id='word_1_211' title='bbox 220 3390 365 3449; x_wconf 88' lang='lat' dir='ltr'>quaeque</span> <span class='ocrx_word' id='word_1_212' title='bbox 400 3381 498 3441; x_wconf 88' lang='lat' dir='ltr'>antea</span> <span class='ocrx_word' id='word_1_213' title='bbox 533 3381 667 3441; x_wconf 89' lang='lat' dir='ltr'>miseria</span> <span class='ocrx_word' id='word_1_214' title='bbox 700 3383 798 3454; x_wconf 88' lang='lat' dir='ltr'>atque</span> <span class='ocrx_word' id='word_1_215' title='bbox 833 3381 1020 3441; x_wconf 87' lang='lat' dir='ltr'>calamitate</span> <span class='ocrx_word' id='word_1_216' title='bbox 1050 3380 1236 3442; x_wconf 86' lang='lat' dir='ltr'>affecissent</span> <span class='ocrx_word' id='word_1_217' title='bbox 1268 3380 1385 3458; x_wconf 91' lang='lat' dir='ltr'>virum,</span> <span class='ocrx_word' id='word_1_218' title='bbox 1410 3393 1498 3441; x_wconf 91' lang='lat' dir='ltr'>nunc</span> 
     </span>
     <span class='ocr_line' id='line_1_29' title="bbox 221 3491 1498 3571; baseline 0.005 -23"><span class='ocrx_word' id='word_1_219' title='bbox 221 3491 289 3549; x_wconf 91' lang='lat' dir='ltr'>seni</span> <span class='ocrx_word' id='word_1_220' title='bbox 313 3492 458 3564; x_wconf 87' lang='lat' dir='ltr'>quictem</span> <span class='ocrx_word' id='word_1_221' title='bbox 484 3498 516 3556; x_wconf 88' lang='lat' dir='ltr'>et</span> <span class='ocrx_word' id='word_1_222' title='bbox 540 3495 666 3556; x_wconf 85' lang='lat' dir='ltr'>famam</span> <span class='ocrx_word' id='word_1_223' title='bbox 690 3496 924 3571; x_wconf 89' lang='lat' dir='ltr'>sempiternam</span> <span class='ocrx_word' id='word_1_224' title='bbox 947 3495 1146 3570; x_wconf 88' lang='lat' dir='ltr'>praeberent.</span> <span class='ocrx_word' id='word_1_225' title='bbox 1176 3496 1357 3555; x_wconf 86' lang='lat' dir='ltr'>Audiamus</span> <span class='ocrx_word' id='word_1_226' title='bbox 1382 3509 1498 3556; x_wconf 90' lang='lat' dir='ltr'>eorum</span> 
     </span>
     <span class='ocr_line' id='line_1_30' title="bbox 218 3607 408 3669; baseline 0.016 -3"><span class='ocrx_word' id='word_1_227' title='bbox 218 3607 408 3669; x_wconf 87' lang='lat' dir='ltr'>sententias.</span> 
     </span>
     <span class='ocr_line' id='line_1_31' title="bbox 133 3721 1496 3803; baseline 0.001 -18"><span class='ocrx_word' id='word_1_228' title='bbox 133 3781 156 3791; x_wconf 75' lang='grc'>.,</span> <span class='ocrx_word' id='word_1_229' title='bbox 262 3721 301 3783; x_wconf 89' lang='grc' dir='ltr'>Κ.</span> <span class='ocrx_word' id='word_1_230' title='bbox 327 3724 527 3803; x_wconf 85' lang='lat' dir='ltr'>Lachmann,</span> <span class='ocrx_word' id='word_1_231' title='bbox 553 3727 668 3787; x_wconf 90' lang='lat' dir='ltr'>Rhein.</span> <span class='ocrx_word' id='word_1_232' title='bbox 693 3727 773 3786; x_wconf 89' lang='lat' dir='ltr'>Mus.</span> <span class='ocrx_word' id='word_1_233' title='bbox 798 3727 822 3801; x_wconf 90' lang='lat' dir='ltr'>I,</span> <span class='ocrx_word' id='word_1_234' title='bbox 849 3728 929 3786; x_wconf 82' lang='lat'>317:</span> <span class='ocrx_word' id='word_1_235' title='bbox 959 3725 1173 3800; x_wconf 85' lang='lat' dir='ltr'>,Jaoffenhar</span> <span class='ocrx_word' id='word_1_236' title='bbox 1192 3725 1300 3785; x_wconf 86' lang='lat' dir='ltr'>wollte</span> <span class='ocrx_word' id='word_1_237' title='bbox 1321 3725 1496 3798; x_wconf 84' lang='lat' dir='ltr'>Sophocles</span> 
     </span>
     <span class='ocr_line' id='line_1_32' title="bbox 217 3834 1495 3916; baseline 0.005 -22"><span class='ocrx_word' id='word_1_238' title='bbox 217 3834 325 3898; x_wconf 89' lang='lat' dir='ltr'>solche</span> <span class='ocrx_word' id='word_1_239' title='bbox 357 3839 556 3915; x_wconf 87' lang='lat' dir='ltr'>Zuschauor,</span> <span class='ocrx_word' id='word_1_240' title='bbox 588 3840 639 3901; x_wconf 90' lang='lat' dir='ltr'>die</span> <span class='ocrx_word' id='word_1_241' title='bbox 663 3842 725 3901; x_wconf 89' lang='lat' dir='ltr'>den</span> <span class='ocrx_word' id='word_1_242' title='bbox 749 3840 836 3900; x_wconf 90' lang='lat' dir='ltr'>alten</span> <span class='ocrx_word' id='word_1_243' title='bbox 864 3842 1015 3912; x_wconf 87' lang='lat' dir='ltr'>strengen</span> <span class='ocrx_word' id='word_1_244' title='bbox 1040 3839 1184 3900; x_wconf 82' lang='lat' dir='ltr'>Olauben</span> <span class='ocrx_word' id='word_1_245' title='bbox 1208 3839 1379 3916; x_wconf 86' lang='lat' dir='ltr'>anhingen,</span> <span class='ocrx_word' id='word_1_246' title='bbox 1404 3840 1495 3900; x_wconf 89' lang='lat' dir='ltr'>heru-</span> 
     </span>
     <span class='ocr_line' id='line_1_33' title="bbox 215 3951 1494 4029; baseline 0.003 -20"><span class='ocrx_word' id='word_1_247' title='bbox 215 3951 328 4024; x_wconf 87' lang='lat' dir='ltr'>higen:</span> <span class='ocrx_word' id='word_1_248' title='bbox 364 3953 415 4013; x_wconf 88' lang='lat' dir='ltr'>die</span> <span class='ocrx_word' id='word_1_249' title='bbox 452 3953 640 4029; x_wconf 82' lang='lat' dir='ltr'>Gottinnen,</span> <span class='ocrx_word' id='word_1_250' title='bbox 676 3955 779 4014; x_wconf 90' lang='lat' dir='ltr'>denen</span> <span class='ocrx_word' id='word_1_251' title='bbox 814 3955 864 4014; x_wconf 90' lang='lat' dir='ltr'>die</span> <span class='ocrx_word' id='word_1_252' title='bbox 899 3953 1089 4013; x_wconf 90' lang='lat' dir='ltr'>Blutschuld</span> <span class='ocrx_word' id='word_1_253' title='bbox 1125 3969 1166 4012; x_wconf 88' lang='lat' dir='ltr'>zu</span> <span class='ocrx_word' id='word_1_254' title='bbox 1199 3953 1318 4013; x_wconf 68' lang='lat' dir='ltr'>richen</span> <span class='ocrx_word' id='word_1_255' title='bbox 1352 3953 1494 4026; x_wconf 87' lang='lat' dir='ltr'>geziemt</span> 
     </span>
     <span class='ocr_line' id='line_1_34' title="bbox 215 4065 1496 4142; baseline 0.004 -20"><span class='ocrx_word' id='word_1_256' title='bbox 215 4065 316 4140; x_wconf 79' lang='lat' dir='ltr'>hatte,</span> <span class='ocrx_word' id='word_1_257' title='bbox 353 4069 569 4142; x_wconf 86' lang='lat' dir='ltr'>versprechen</span> <span class='ocrx_word' id='word_1_258' title='bbox 606 4068 675 4126; x_wconf 92' lang='lat' dir='ltr'>ihm</span> <span class='ocrx_word' id='word_1_259' title='bbox 706 4068 868 4141; x_wconf 89' lang='lat' dir='ltr'>Herberge</span> <span class='ocrx_word' id='word_1_260' title='bbox 892 4067 957 4126; x_wconf 90' lang='lat' dir='ltr'>und</span> <span class='ocrx_word' id='word_1_261' title='bbox 981 4066 1083 4141; x_wconf 87' lang='lat' dir='ltr'>Ruhe‚</span> <span class='ocrx_word' id='word_1_262' title='bbox 1108 4067 1155 4127; x_wconf 91' lang='lat' dir='ltr'>sia</span> <span class='ocrx_word' id='word_1_263' title='bbox 1180 4072 1313 4127; x_wconf 78' lang='lat' dir='ltr'>mussan</span> <span class='ocrx_word' id='word_1_264' title='bbox 1339 4067 1408 4127; x_wconf 92' lang='lat' dir='ltr'>also</span> <span class='ocrx_word' id='word_1_265' title='bbox 1433 4069 1496 4128; x_wconf 90' lang='lat' dir='ltr'>mit</span> 
     </span>
     <span class='ocr_line' id='line_1_35' title="bbox 215 4179 638 4254; baseline 0.014 -17"><span class='ocrx_word' id='word_1_266' title='bbox 215 4179 285 4239; x_wconf 91' lang='lat' dir='ltr'>ihm</span> <span class='ocrx_word' id='word_1_267' title='bbox 308 4183 511 4254; x_wconf 87' lang='lat' dir='ltr'>auegesohnt</span> <span class='ocrx_word' id='word_1_268' title='bbox 534 4185 638 4243; x_wconf 91' lang='lat' dir='ltr'>sein.”</span> 
     </span>
    </p>

    <p class='ocr_par' dir='ltr' id='par_1_10' title="bbox 214 4293 1495 4600">
     <span class='ocr_line' id='line_1_36' title="bbox 259 4293 1495 4372; baseline 0.002 -18"><span class='ocrx_word' id='word_1_269' title='bbox 259 4293 299 4355; x_wconf 88' lang='lat' dir='ltr'>K.</span> <span class='ocrx_word' id='word_1_270' title='bbox 337 4295 449 4372; x_wconf 73' lang='lat' dir='ltr'>LehrS,</span> <span class='ocrx_word' id='word_1_271' title='bbox 488 4297 645 4372; x_wconf 80' lang='lat' dir='ltr'>Populare</span> <span class='ocrx_word' id='word_1_272' title='bbox 681 4296 836 4357; x_wconf 82' lang='lat' dir='ltr'>Auistttze</span> <span class='ocrx_word' id='word_1_273' title='bbox 872 4296 966 4371; x_wconf 82' lang='lat'>1875,</span> <span class='ocrx_word' id='word_1_274' title='bbox 999 4310 1070 4371; x_wconf 85' lang='lat' dir='ltr'>pag.</span> <span class='ocrx_word' id='word_1_275' title='bbox 1106 4297 1187 4355; x_wconf 79' lang='lat'>231:</span> <span class='ocrx_word' id='word_1_276' title='bbox 1225 4296 1305 4370; x_wconf 83' lang='lat' dir='ltr'>,Der</span> <span class='ocrx_word' id='word_1_277' title='bbox 1332 4296 1417 4356; x_wconf 87' lang='lat' dir='ltr'>Hain</span> <span class='ocrx_word' id='word_1_278' title='bbox 1439 4296 1495 4357; x_wconf 89' lang='lat' dir='ltr'>der</span> 
     </span>
     <span class='ocr_line' id='line_1_37' title="bbox 214 4389 1493 4486; baseline 0.004 -20"><span class='ocrx_word' id='word_1_279' title='bbox 214 4407 367 4483; x_wconf 73' lang='lat' dir='ltr'>Erinyem</span> <span class='ocrx_word' id='word_1_280' title='bbox 382 4389 475 4484; x_wconf 85' lang='lat' dir='ltr'>jener</span> <span class='ocrx_word' id='word_1_281' title='bbox 500 4411 685 4486; x_wconf 78' lang='lat' dir='ltr'>Gottinnen,</span> <span class='ocrx_word' id='word_1_282' title='bbox 713 4410 815 4470; x_wconf 89' lang='lat' dir='ltr'>denen</span> <span class='ocrx_word' id='word_1_283' title='bbox 841 4411 892 4470; x_wconf 95' lang='lat' dir='ltr'>die</span> <span class='ocrx_word' id='word_1_284' title='bbox 916 4411 1046 4483; x_wconf 87' lang='lat' dir='ltr'>strange</span> <span class='ocrx_word' id='word_1_285' title='bbox 1070 4409 1391 4483; x_wconf 85' lang='lat' dir='ltr'>Straigerechtigkeit</span> <span class='ocrx_word' id='word_1_286' title='bbox 1414 4410 1493 4471; x_wconf 87' lang='lat' dir='ltr'>uber</span> 
     </span>
     <span class='ocr_line' id='line_1_38' title="bbox 214 4522 1492 4600; baseline 0.002 -20"><span class='ocrx_word' id='word_1_287' title='bbox 214 4522 285 4582; x_wconf 92' lang='lat' dir='ltr'>ihm</span> <span class='ocrx_word' id='word_1_288' title='bbox 309 4525 503 4600; x_wconf 88' lang='lat' dir='ltr'>obgelegan;</span> <span class='ocrx_word' id='word_1_289' title='bbox 528 4526 579 4586; x_wconf 90' lang='lat' dir='ltr'>dia</span> <span class='ocrx_word' id='word_1_290' title='bbox 604 4526 672 4584; x_wconf 88' lang='lat' dir='ltr'>also</span> <span class='ocrx_word' id='word_1_291' title='bbox 692 4524 795 4585; x_wconf 88' lang='lat' dir='ltr'>selbst</span> <span class='ocrx_word' id='word_1_292' title='bbox 814 4524 975 4584; x_wconf 91' lang='lat' dir='ltr'>nunmehr</span> <span class='ocrx_word' id='word_1_293' title='bbox 998 4523 1060 4582; x_wconf 91' lang='lat' dir='ltr'>mit</span> <span class='ocrx_word' id='word_1_294' title='bbox 1078 4523 1147 4583; x_wconf 92' lang='lat' dir='ltr'>ihm</span> <span class='ocrx_word' id='word_1_295' title='bbox 1172 4523 1240 4582; x_wconf 92' lang='lat' dir='ltr'>sich</span> <span class='ocrx_word' id='word_1_296' title='bbox 1261 4523 1492 4595; x_wconf 87' lang='lat' dir='ltr'>ausgesohnt.”</span> 
     </span>
    </p>

    <p class='ocr_par' dir='ltr' id='par_1_11' title="bbox 260 4635 1491 4716">
     <span class='ocr_line' id='line_1_39' title="bbox 260 4635 1491 4716; baseline -0.005 -14"><span class='ocrx_word' id='word_1_297' title='bbox 260 4635 319 4702; x_wconf 72' lang='lat' dir='ltr'>Th.</span> <span class='ocrx_word' id='word_1_298' title='bbox 345 4639 462 4716; x_wconf 86' lang='lat' dir='ltr'>Bergk,</span> <span class='ocrx_word' id='word_1_299' title='bbox 489 4639 693 4702; x_wconf 81' lang='lat' dir='ltr'>Oriechische</span> <span class='ocrx_word' id='word_1_300' title='bbox 714 4637 1097 4700; x_wconf 77' lang='lat' dir='ltr'>LitteraturOeschichte</span> <span class='ocrx_word' id='word_1_301' title='bbox 1115 4637 1173 4712; x_wconf 85' lang='grc' dir='ltr'><strong><em>ΠΙ,</em></strong></span> <span class='ocrx_word' id='word_1_302' title='bbox 1195 4636 1277 4696; x_wconf 80' lang='lat'><strong>436:</strong></span> <span class='ocrx_word' id='word_1_303' title='bbox 1303 4636 1388 4714; x_wconf 87' lang='lat' dir='ltr'>,Das</span> <span class='ocrx_word' id='word_1_304' title='bbox 1407 4635 1491 4699; x_wconf 82' lang='lat' dir='ltr'>Riih-</span> 
     </span>
    </p>
   </div>
   <div class='ocr_carea' id='block_1_3' title="bbox 0 0 1772 5068">
    <p class='ocr_par' dir='ltr' id='par_1_12' title="bbox 0 0 1772 5068">
     <span class='ocr_line' id='line_1_40' title="bbox 0 0 1772 5068; baseline 0 4"><span class='ocrx_word' id='word_1_305' title='bbox 0 0 1772 5068; x_wconf 95' lang='lat' dir='ltr'> </span> 
     </span>
    </p>
   </div>
  </div>
 </body>
</html>
