3536 5068
847 255 889 313 23

230 412 259 471 ei
283 413 383 472 videri
407 414 439 472 et
459 413 528 472 sine
549 413 616 473 ulla
636 413 835 476 dubitatione
855 416 1025 490 antiquum
1046 417 1125 478 illud
1146 433 1221 477 eum
1241 417 1372 478 laudare
1392 421 1498 492 patet:

274 525 333 600 Qui
357 527 548 600 irrogaverit
573 529 737 588 maculam
761 529 892 590 cuilibet
916 530 1037 590 civium
1061 545 1211 590 suorum:
1237 531 1322 590 siout
1341 531 1427 606 iecit,
1452 533 1499 591 sic

228 638 284 698 fiet
308 640 355 700 ei:
379 641 556 702 fracturam
577 657 633 716 pro
654 642 806 718 fractura,
827 643 956 702 oculum
980 659 1036 718 pro
1056 643 1158 719 ocule,
1177 643 1308 704 dentem
1328 659 1385 717 pro
1405 644 1500 704 dente

162 823 165 827 ⁴
229 753 395 828 restituet;
418 755 548 827 qualem
569 755 724 816 inflixerit
736 757 909 832 maculam,
922 756 1024 816 talem
1036 757 1197 816 sustinere
1210 758 1342 829 cogetur
1354 757 1497 827 (Levitio.

232 868 284 942 24,
311 869 361 944 19,
386 869 448 941 20.)

274 981 473 1056 Quantopere
506 1000 544 1044 ea
568 983 674 1058 opinio
701 983 818 1056 ubique
848 984 982 1057 probata
1012 984 1118 1059 suerit,
1151 999 1171 1043 a
1200 981 1351 1046 Platone
1374 997 1499 1056 quoque

228 1094 338 1154 audire
367 1111 552 1173 possumus⁷
585 1098 639 1170 qui
671 1114 690 1157 a
721 1097 940 1158 sacerdotibus
965 1097 1107 1170 antiquis
1131 1099 1281 1158 sanctum
1304 1111 1377 1156 esse
1401 1097 1500 1156 tradit

229 1209 303 1282 Leg.
335 1225 405 1283 pag.
438 1210 502 1271 872
536 1213 580 1272 E:
614 1218 666 1270 τοῦ
697 1219 801 1270 κοινοῦ
825 1207 1004 1288 μιανθέντος
1028 1209 1150 1286 αἵματος
1173 1209 1229 1268 οὐκ
1252 1202 1327 1268 εἶναι
1350 1209 1499 1290 κάθαρσιν

227 1318 318 1398 ἀλλην
353 1319 423 1383 οὐδὲ
457 1321 601 1384 ἔκπλυτον
636 1320 750 1383 ἐθέλειν
783 1323 920 1403 μίμεσθαι
953 1320 985 1382 τὸ
1016 1319 1154 1399 μιανθέν,
1178 1318 1254 1399 ,πρὶν
1285 1319 1382 1397 (μόνον
1414 1321 1499 1407 φόνῳ

229 1431 319 1520 ὁμοίῳ
342 1431 360 1513 ἡ
385 1436 519 1516 δράσασα
541 1435 625 1514 ψυχὴ
648 1436 712 1520 τίσῃ
736 1434 786 1496 καλ
809 1436 906 1514 πάσης
930 1443 981 1513 τῆς
1005 1433 1172 1515 ξυγγενείας
1196 1432 1247 1493 τὸν
1271 1432 1373 1512 θυμὸν
1392 1431 1499 1512 ἀφιλα-

228 1545 339 1625 σαμένη
362 1549 489 1634 κοιμίσῃ.

272 1658 477 1731 socratesne
509 1688 528 1732 a
558 1672 724 1732 communi
755 1673 864 1732 stabat
895 1671 1042 1744 opinione
1074 1685 1114 1730 an
1145 1671 1351 1732 inimicorum
1389 1673 1498 1733 odium

227 1784 445 1858 improbavit?
466 1760 506 1828 -’-
529 1786 598 1846 Ηοο
623 1786 725 1862 Flete,
754 1786 833 1846 illud
853 1787 1031 1859 Xenophon
1053 1785 1182 1845 disertis
1205 1786 1312 1846 verbis
1333 1788 1500 1846 asseverat

227 1913 330 1970 neque
360 1901 471 1959 utrum
504 1915 617 1960 verum
648 1901 701 1976 sit,
733 1900 828 1960 facile
857 1901 908 1960 est
939 1900 1092 1958 statuere.
1131 1900 1309 1973 Xenophon
1340 1900 1373 1959 in
1404 1900 1499 1960 Mem.

226 2013 279 2087 (ll,
311 2015 341 2088 6,
374 2013 427 2081 35)
458 2013 624 2074 Socratem
658 2012 820 2074 Critobulo
852 2013 957 2073 dicere
988 2013 1083 2072 facit:
1109 2009 1237 2091 ἔγνωκας
1261 2009 1370 2090 ἀνδρὸς
1394 2010 1500 2092 ἀρετὴν

226 2117 301 2184 εἶναι
335 2135 421 2184 νικᾶν
453 2125 521 2197 τοὺς
553 2121 607 2202 μὲν
639 2125 745 2202 φίλους
777 2116 809 2184 εὐ
841 2133 998 2202 ποιοῦντα,
1024 2124 1092 2196 τοὺς
1123 2120 1150 2184 δ’
1178 2122 1305 2203 ἐχθροὺς
1328 2134 1425 2197 κακῶς
1448 2127 1499 2197 (cf.

225 2237 310 2298 Mem
337 2241 385 2299 ΙΙΙ
410 2241 440 2316 9,
466 2241 518 2316 8.),
544 2241 600 2300 sed
624 2240 708 2314 apud
732 2240 902 2299 Platonem
926 2240 960 2298 in
985 2238 1112 2299 Critone
1137 2241 1189 2310 (49
1213 2240 1252 2310 Α)
1276 2241 1336 2300 hoc
1360 2241 1501 2300 Socratis

229 2367 303 2412 oum
328 2354 432 2414 amico
456 2353 650 2426 colloquium
675 2353 833 2426 legimus:

273 2469 303 2524 Σ
313 2467 345 2524 lt
357 2469 393 2524 K.
420 2465 568 2544 Οὐδαμῶς
592 2463 649 2546 ἀρα
673 2466 723 2526 δεῖ
741 2463 863 2526 ἀδικεῖν.

273 2579 352 2640 KR.
379 2578 423 2639 Οὐ
448 2580 530 2658 δῆτα.

270 2696 301 2750 Σ
311 2694 343 2751 lt
355 2695 391 2752 K.
418 2689 497 2752 Οὐδὲ
521 2690 720 2771 ἀδικούμενον
743 2689 801 2772 ἀρα
824 2689 1004 2770 ἀνιαδικεῖν,
1022 2689 1061 2764 ὡς
1082 2693 1113 2752 οῖ
1130 2690 1233 2752 πολλοὶ
1252 2693 1375 2770 οἴονται,
1396 2691 1497 2772 ἐπειδή

226 2802 248 2886 γ’
276 2806 415 2885 οὐδαμῶς
441 2808 490 2866 δεῖ
509 2805 632 2866 ἀδικεῖν.

273 2923 312 2982 cf.
337 2923 419 2982 Plat.
444 2922 568 2982 Menon.
593 2936 656 2995 pag
681 2922 732 2981 71.
759 2923 796 2997 Ε,
817 2921 951 2996 Republ.
972 2935 1043 2994 pag.
1065 2922 1129 2980 334
1150 2923 1183 2996 Β,
1206 2922 1268 2980 332
1294 2923 1324 2997 Β,
1346 2923 1500 2994 aquibus

227 3052 290 3096 non
320 3040 371 3096 est
406 3036 548 3095 alienum
583 3035 667 3108 quod
703 3034 845 3094 Socratis
884 3035 933 3094 vel
969 3035 1113 3094 Platonis
1148 3051 1268 3095 novam
1303 3037 1499 3096 sententiam

227 3151 357 3210 omnino
392 3165 466 3210 cum
501 3149 649 3208 omnium
683 3147 831 3221 opinione
863 3150 1042 3208 certantem
1059 3141 1079 3218 ¹)
1110 3149 1193 3208 hanc
1226 3164 1299 3208 esse
1331 3149 1499 3210 audimus:

228 3263 319 3336 Gorg.
352 3279 423 3338 pag.
453 3264 517 3323 469
551 3260 583 3322 C.
618 3260 645 3320 εἰ
676 3256 706 3320 δ’
739 3259 904 3340 ἀναγκαῖον
931 3260 975 3339 εἴη
999 3259 1112 3320 ἀδικεῖν
1135 3258 1154 3339 ἢ
1178 3259 1357 3339 ἀδικεῖσθαι,
1380 3260 1500 3340 ἑλοίμην

227 3371 264 3433 ἀν
289 3380 399 3452 μᾶλλον
424 3373 593 3435 ἀδικεῖσθαι
617 3373 637 3455 ἢ
661 3375 783 3436 ἀδικεῖν.
808 3377 858 3446 (cf.
882 3378 994 3452 tamen
1018 3375 1098 3435 Phil.
1123 3376 1164 3434 49
1190 3376 1237 3446 D.)

270 3490 422 3550 Neutrlus
456 3491 552 3549 verba
585 3491 738 3564 ambigua
769 3491 847 3550 sunt
877 3493 974 3563 atque
1005 3490 1074 3550 sine
1103 3490 1198 3550 dubio
1223 3489 1314 3550 Plato
1339 3492 1372 3550 et
1396 3491 1500 3551 Xeno-

226 3604 309 3676 phon
335 3604 396 3663 sibi
419 3602 645 3679 obloquuntur,
670 3604 726 3664 sed
750 3603 814 3663 utri
841 3604 1037 3663 credendum
1061 3601 1114 3678 sit,
1138 3617 1220 3675 quae
1244 3603 1384 3664 Socratis
1404 3605 1501 3664 fuerit

226 3716 398 3792 sententia,
430 3717 573 3776 nondum
605 3733 661 3791 pro
693 3720 780 3776 certo
810 3719 955 3790 constat;
988 3717 1169 3790 philosophi
1192 3718 1318 3777 certant
1342 3721 1375 3777 et
1398 3719 1501 3780 adhuc

227 3829 286 3888 sub
310 3829 414 3889 iudice
437 3829 478 3888 lis
502 3832 568 3904 est;
594 3832 741 3890 attamen
765 3846 806 3889 ex
831 3830 911 3890 locis
938 3830 1047 3890 allatis
1074 3831 1134 3890 hoc
1151 3830 1243 3890 nobis
1262 3832 1368 3904 patet:
1397 3847 1501 3904 neque

226 3939 499 4024 Xenophontem
543 3959 646 4015 neque
691 3943 908 4003 Athenienses
948 3947 1092 4017 tempore
1129 3943 1204 4003 belli
1240 3943 1501 4018 Peloponnesiaci

227 4057 375 4117 viventes
396 4056 567 4130 antiquum
590 4058 639 4116 ius
656 4058 786 4116 talionis
806 4058 968 4132 reiecisse,
989 4057 1156 4119 Socratem
1174 4060 1287 4117 autern
1299 4073 1364 4118 nou
1376 4072 1506 4129 semper

227 4171 259 4228 et
284 4169 402 4243 ubique
426 4170 610 4243 aequalium
636 4171 674 4230 de
698 4171 758 4230 hac
782 4186 815 4230 re
839 4171 1024 4243 opinionem
1048 4159 1264 4246 vituperasse.

260 4398 279 4458 ¹}
301 4403 391 4462 Neque
414 4404 525 4450 maiores
548 4419 632 4465 neque
656 4406 777 4464 aequales
802 4419 859 4452 eam
886 4408 1040 4453 sententiam
1059 4407 1183 4466 probasse
1201 4401 1228 4452 *et
1245 4408 1320 4462 patet
1337 4416 1369 4447 σε
1387 4403 1428 4458 iifl,
1447 4412 1515 4458 ‘luae

226 4495 284 4541 pag.
312 4484 370 4538 481,
396 4484 444 4528 482
471 4483 591 4533 dicuutur
618 4484 644 4532 et
670 4499 701 4532 ex
724 4487 764 4542 iis,
788 4499 855 4545 quae
880 4484 949 4544 apud
971 4486 1113 4534 Isocratem
1136 4485 1186 4531 XII
1210 4483 1258 4530 118
1282 4484 1414 4541 leguntur,
1436 4490 1517 4534 ‘luem

226 4562 310 4607 verbis
336 4563 422 4619 ,ὀλίγαι
446 4561 520 4613 τινές”
543 4565 678 4613 Platonem
704 4565 832 4623 respicere
857 4564 932 4610 valde
951 4568 991 4610 eet
1008 4547 1062 4610 veri
1079 4563 1173 4611 simile.
1189 4563 1234 4621 (cf.
1254 4563 1334 4607 (trote
1355 4557 1446 4614 „Plato
1465 4557 1517 4602 aud

226 4640 271 4686 the
290 4640 363 4686 other
380 4640 545 4704 compauions
563 4647 592 4692 01⁴
606 4645 742 4693 Socrates'’
761 4644 793 4690 ed
810 4642 961 4703 dialogum).
