3536 5068
260 1152 333 1235 DE}
362 1147 631 1249 FABULAE,
661 1143 956 1251 nullisne
987 1144 1087 1230 NOS
1114 1144 1399 1246 Pusillum,

206 1306 379 1393 sulti]
420 1302 766 1390 IMPnRunOTO
809 1302 877 1384 ΕΤ
921 1303 994 1384 DE
1038 1301 1305 1402 TEMPORE,
1348 1303 1453 1407 QUO

608 1456 907 1545 conpositi
941 1456 1052 1542 nsi.

240 1977 309 2037 Non
345 1978 495 2036 sanctum
531 1975 629 2048 igitur
661 1975 694 2034 et
725 1974 903 2049 expiatum,
928 1975 1024 2034 antea
1048 1990 1067 2034 a
1090 1976 1195 2035 Furiis
1218 1977 1386 2052 afflictum,
1410 1978 1467 2037 sed

196 2104 281 2149 nunc
304 2105 416 2149 earum
447 2090 601 2163 adeptum
625 2088 764 2160 gratiam
789 2088 821 2146 in
845 2102 978 2148 scenam
1006 2088 1156 2148 inducere
1181 2089 1338 2165 Oedipum
1362 2093 1466 2168 poeta,

196 2218 272 2264 curn
291 2203 434 2263 fabulam
455 2203 671 2276 componeret,
692 2201 724 2260 in
748 2201 857 2261 animo
876 2201 1025 2261 habebat.
1047 2201 1136 2277 Quod
1157 2206 1268 2263 autem
1285 2206 1466 2280 consilium,

196 2332 278 2390 quae
303 2317 434 2376 tandem
458 2331 552 2375 mens
580 2316 610 2375 ei
633 2316 727 2375 erat?
754 2348 794 2356 -
819 2314 939 2374 Vereor
968 2316 1185 2389 pronuntiare,
1210 2318 1285 2390 quid
1308 2320 1466 2392 sentiam;

197 2445 274 2490 nam
302 2431 415 2503 poetae
438 2428 587 2489 laudibus
615 2429 804 2504 detrectare,
827 2427 904 2488 licet
935 2428 1045 2501 procul
1069 2429 1112 2488 sit
1136 2429 1175 2488 ab
1207 2431 1334 2508 animo,
1356 2433 1467 2492 tamen

197 2543 291 2603 facile
326 2543 427 2602 videri
450 2546 570 2617 potero.
599 2543 712 2614 Itaque
737 2541 918 2602 benacum
944 2543 1047 2616 venia,
1072 2557 1192 2615 quaeso
1217 2544 1364 2620 lectores,
1389 2547 1467 2606 ecci-

196 2657 293 2732 piatis
327 2657 535 2729 sententiam,
572 2671 630 2715 nec
666 2655 831 2728 Sophoclis
863 2670 994 2715 musam
1026 2671 1079 2715 me
1111 2673 1173 2716 non
1209 2659 1292 2718 setis
1327 2661 1466 2720 coluisse

197 2770 398 2846 putaveritis
419 2770 503 2842 quod
523 2770 734 2843 tragoediam,
756 2770 794 2828 de
818 2783 881 2841 qua
901 2769 1039 2842 agimus,
1060 2785 1123 2828 non
1144 2773 1311 2844 permagni
1331 2757 1483 2847 faciam;¹

195 2885 298 2944 immo
331 2898 406 2943 vero
429 2885 499 2943 tam
524 2883 657 2955 pulchra
680 2883 760 2942 mihi
784 2884 893 2942 cetera
917 2883 1065 2942 dramate
1089 2885 1238 2944 videntur
1261 2889 1298 2947 ut
1322 2888 1381 2948 hoc
1405 2904 1468 2948 non

197 2997 329 3069 dignum
361 2998 483 3070 putem,
515 2997 599 3067 quod
631 2996 724 3068 quasi
755 2995 864 3056 fabula
887 2996 1044 3057 habeatur
1068 2999 1220 3074 perfecta,
1248 3001 1468 3074 elaboratae

198 3108 362 3184 Sophocle,
388 3111 423 3168 ut
446 3124 563 3169 scenae
586 3111 856 3185 committeretur,
880 3111 1023 3184 probate.

243 3223 419 3296 Tragoedia
439 3222 578 3296 Oedipus
595 3222 762 3298 Coloneus
783 3225 934 3297 quamvis
953 3225 1077 3298 pulchri
1097 3226 1198 3285 insint
1216 3243 1341 3302 verene,
1360 3245 1469 3302 quam·

199 3337 248 3396 vis
272 3337 387 3396 suavia
411 3338 566 3410 carmina,
591 3338 712 3411 tamen,
737 3337 766 3395 si
786 3352 848 3396 non
872 3340 981 3410 partes
1005 3339 1060 3398 sed
1081 3342 1187 3399 totum
1211 3345 1351 3417 spectes
1373 3344 1470 3404 admi·

197 3453 322 3512 ratione
345 3454 457 3510 nostra
480 3466 543 3511 non
568 3451 663 3524 digna
687 3466 759 3511 esse
784 3452 865 3510 mihi
891 3453 1031 3527 videtur;
1061 3456 1272 3526 nequeenim
1299 3458 1470 3517 consillum

198 3565 325 3625 fabulae
357 3566 508 3638 cernitur,
540 3579 643 3638 neque
674 3566 744 3625 arte
775 3565 925 3624 cohaeret
955 3581 1058 3638 neque
1083 3583 1183 3627 unum
1209 3569 1307 3630 habet
1332 3571 1469 3646 proposi-

197 3686 269 3741 tum
293 3695 406 3756 neque,
431 3678 506 3752 quid
529 3678 590 3736 sibi
614 3679 702 3754 velit,
727 3682 877 3753 apparet;
903 3694 965 3739 non
990 3681 1103 3740 drama
1126 3684 1176 3741 est
1200 3686 1258 3744 sed
1286 3687 1380 3756 quasi
1404 3685 1470 3743 dra·

198 3795 298 3855 matis
321 3794 514 3868 fragmenta,
539 3790 609 3851 sine
633 3795 707 3866 apto
731 3792 847 3852 iudicio
878 3794 1057 3853 coniuncta.
1084 3794 1170 3870 Quae
1198 3798 1227 3856 si
1252 3813 1328 3860 cum
1352 3799 1472 3872 Oedipo

198 3907 285 3980 Rege
319 3920 497 3980 compares,
532 3904 612 3964 illud
646 3919 746 3964 unum
779 3904 812 3963 in
836 3920 871 3964 se
899 3906 1095 3984 absolutum,
1120 3909 1199 3967 haec
1225 3912 1320 3985 quasi
1345 3913 1471 3972 lancem

198 4023 345 4080 saturam
380 4034 452 4079 esse
488 4033 586 4091 quam
622 4018 708 4078 clare
739 4021 888 4092 apparet!
923 4019 1041 4080 Multos
1066 4036 1141 4081 vero
1172 4023 1205 4081 in
1230 4025 1342 4086 sabula
1365 4027 1473 4085 inesse

198 4135 285 4194 locos
304 4135 393 4194 inter.
406 4148 443 4192 se
462 4133 689 4206 repugnantes
711 4131 776 4190 iarn
799 4132 860 4191 viri
880 4133 1059 4193 doctissimi
1080 4134 1241 4199 Schdllius
1262 4141 1296 4199 et
1308 4139 1473 4200 Nauclrius

199 4250 431 4309 contenderunt
462 4260 637 4318 meumque
672 4244 770 4317 igitur
800 4246 871 4320 erit,
903 4261 985 4319 quae
1009 4253 1202 4321 argumenta
1227 4253 1310 4314 rnihi
1335 4252 1473 4313 maximi

201 4362 370 4423 videantur
392 4360 561 4435 momenti,
585 4359 748 4419 succincte
772 4359 922 4421 indicare.

243 4476 375 4535 Ismene
408 4473 558 4533 ministro
588 4471 675 4532 fideli
707 4472 884 4533 comitante
915 4474 1003 4534 mulo
1036 4476 1164 4535 vehitur
1196 4483 1258 4550 (vs.
1286 4482 1361 4557 313,
1388 4481 1475 4552 334),

200 4589 363 4662 Antigona
396 4601 473 4650 vero
505 4588 578 4661 eget
609 4586 727 4646 calceis
749 4588 809 4656 (vs,
835 4588 898 4646 349
922 4586 1066 4664 νηλίπους
1090 4585 1251 4673 ἀλωμένη),
1278 4600 1311 4652 et
1335 4594 1478 4672 Oedipus
