3536 5068
827 228 867 286 95

210 395 393 469 spectantes
422 393 582 456 iudicasse
613 391 758 451 arbitror.
791 389 886 449 Ritus
918 391 994 463 noti,
1028 390 1081 462 qui
1117 406 1213 464 saepe
1248 406 1309 450 usu
1346 388 1479 463 veniret,

212 507 380 582 descriptio
401 507 480 572 ,sine
511 506 606 566 dubio
637 505 890 566 Atheniensibus
921 506 1013 577 grata
1044 504 1106 562 fuit
1129 506 1161 563 et
1185 505 1263 563 tunc
1287 503 1359 564 aliis
1385 505 1482 574 atque
1552 510 1555 516 '

211 621 301 681 hodie
325 621 459 681 auribus
482 619 709 693 accipiebatur.

256 733 341 810 Quas
375 734 414 793 ob
449 748 565 802 causas
599 731 773 805 quominus
810 747 856 790 ve.
894 731 1070 791 461-510
1106 747 1124 790 a
1159 731 1313 804 Sophocle
1345 730 1482 805 scriptos

215 849 374 924 putemus,
401 846 454 906 nil
490 847 616 906 obstare
652 845 756 920 credo,
792 845 893 904 immo
928 841 1003 904 vero
1035 846 1160 903 certum
1192 844 1272 904 duco
1297 858 1352 904 eos
1379 859 1484 903 nona

215 961 364 1036 mediocri
395 961 489 1035 poeta
520 975 593 1020 esse
625 959 751 1019 additos
782 973 885 1031 neque
918 973 992 1018 cum
1023 958 1122 1017 ceteri
1153 958 1310 1017 dramatis
1342 973 1483 1031 pugnare

214 1074 326 1136 indole.

256 1301 280 1361 Ε
304 1301 384 1362 locis
403 1302 597 1374 quibusdam
618 1301 845 1375 comperimus,
867 1301 913 1360 ita
937 1301 1105 1376 Schdllius,
1126 1300 1243 1360 Thebis
1263 1301 1371 1374 partes
1391 1314 1485 1373 popu·

212 1415 296 1474 lares
324 1414 478 1496 Oedipodi
508 1415 634 1488 iavere;
667 1415 798 1473 Ismene
833 1429 896 1473 non
928 1416 1036 1488 potest
1067 1413 1184 1474 Thebis
1215 1429 1348 1474 manere
1379 1412 1486 1486 ibique

213 1529 320 1588 omnia
352 1529 462 1588 audire
494 1529 624 1589 oracula
656 1542 832 1601 omnesque
864 1529 1005 1603 nuntios,
1035 1543 1099 1589 non
1122 1529 1230 1602 potest
1253 1527 1342 1587 mulo
1366 1527 1488 1587 vehens

215 1642 254 1701 ad
283 1644 410 1716 patrem
442 1643 562 1718 venire,
593 1641 656 1701 nisi
685 1641 849 1701 acivium
873 1642 965 1715 parte
989 1642 1136 1715 iuvetur;
1162 1641 1307 1701 Theseus
1331 1642 1488 1701 adversus
1570 1703 1573 1710 ,

220 1753 384 1816 Creontem
408 1755 550 1829 loquitur
572 1756 666 1829 quasi
689 1771 752 1815 non
778 1755 925 1815 omnium
950 1756 1071 1816 civium
1095 1756 1187 1816 iussu
1211 1757 1287 1828 agat
1311 1757 1367 1816 sed
1392 1755 1488 1815 multi

167 1859 169 1864 ’
218 1884 295 1942 quae
319 1869 416 1929 iaciat
440 1869 625 1944 vituperent
647 1871 680 1928 et
704 1869 844 1943 Oedipus
867 1869 936 1942 ipse
961 1869 1114 1943 multum,
1139 1871 1175 1928 ul
1196 1871 1272 1942 agat
1292 1869 1407 1943 patria,
1428 1885 1488 1929 sua

215 1981 372 2043 interesse
403 1982 545 2043 declarat
573 1997 621 2042 vs
648 1983 721 2058 791,
747 1997 842 2056 quem
869 1997 1001 2041 versum
1026 1981 1185 2042 Schollius
1208 1982 1254 2042 ita
1277 1981 1487 2054 interpretan-

215 2095 291 2155 dum
334 2098 455 2171 censet,
498 2097 535 2155 ut
575 2095 648 2155 inde
684 2095 837 2170 appareat
873 2093 1030 2168 Oedipum
1064 2096 1278 2168 tyrannorum
1314 2094 1486 2166 imperium

172 2259 175 2263 .
217 2209 399 2283 vituperare
434 2211 467 2268 et
501 2208 596 2269 alteri
626 2209 735 2269 favere
768 2209 889 2269 civium
924 2209 1057 2269 factioni
1071 2177 1103 2277 ἰ).
1135 2209 1160 2268 Ε
1192 2209 1308 2282 quibus
1339 2209 1489 2268 omnibus

216 2324 348 2396 apparet
368 2321 642 2382 necessitudinem
663 2322 825 2394 quandam
847 2322 1000 2396 Oedipodi
1024 2337 1096 2382 esse
1117 2338 1193 2382 cum
1213 2322 1331 2381 Thebis
1352 2302 1488 2394 eamque

217 2451 280 2496 non
312 2450 387 2495 cum
419 2436 515 2495 domo
539 2435 627 2508 regia
650 2435 707 2495 sed
731 2450 805 2495 cum
829 2437 975 2510 partibus
998 2435 1206 2509 popularibus
1220 2428 1251 2502 ²).
1277 2435 1359 2494 Addi
1384 2438 1490 2508 potest

218 2550 301 2621 quod
321 2549 505 2609 Thebarum
525 2564 618 2622 reges
637 2547 788 2627 τύραννοι,
807 2549 953 2610 Theseus
974 2563 1049 2608 vero
1070 2564 1197 2623 semper
1214 2545 1288 2620 ἅναξ
1301 2549 1489 2625 appellatur,

222 2677 282 2734 quo
312 2663 419 2737 magis
449 2663 674 2722 Thebanorum
705 2663 814 2736 partes
847 2663 999 2736 Oedipodi
1030 2634 1169 2724 infestae
1201 2663 1310 2722 odium
1341 2666 1488 2723 nostrum

146 2840 149 2846 ,
222 2779 382 2837 moveant.
413 2776 547 2850 Nepotis
578 2777 657 2837 haec
688 2777 797 2836 omnia
829 2775 1050 2836 additamenta
1074 2779 1160 2852 sunt,
1186 2779 1221 2835 ut
1244 2777 1383 2850 priorem
1407 2776 1492 2837 inter

221 2889 444 2950 Thebanorum
468 2892 501 2949 et
524 2889 773 2950 Atheniensium
797 2890 967 2964 populares
990 2889 1194 2950 concordiam
1219 2889 1367 2950 celebret.

263 3003 380 3063 Omnia
412 3016 514 3085 aeque
544 3002 629 3062 mira
657 3003 738 3062 mihi
770 3003 921 3064 videntur
950 3017 1065 3080 neque,
1097 3018 1159 3077 quo
1192 3004 1286 3064 modo
1314 3005 1492 3078 excogitari

149 3129 151 3133 ’
218 3117 392 3192 potuerint,
420 3116 582 3190 intellego.
611 3116 664 3176 Nil
687 3117 805 3193 obstat,
835 3118 1008 3191 quominus
1031 3119 1163 3178 Ismena
1186 3119 1270 3192 apud
1294 3118 1491 3178 avunculum

218 3229 270 3290 vel
302 3229 420 3289 fratres
451 3229 575 3290 habitet
607 3231 640 3290 et
670 3231 704 3290 in
732 3231 828 3290 domo
855 3233 944 3306 regia
967 3232 1086 3305 omnia,
1111 3246 1193 3304 quae
1216 3232 1321 3291 nuntii
1345 3232 1492 3307 afferant,

217 3343 333 3402 statim
353 3343 479 3420 audiat;
502 3359 543 3404 ex
563 3344 680 3404 Thesei
701 3345 809 3404 verbis
832 3359 1037 3420 nequaquam
1059 3344 1142 3405 effici
1162 3346 1269 3419 potest
1289 3345 1492 3406 Athenarum

218 3471 328 3530 regem
360 3458 487 3520 Thebas
519 3458 580 3517 sibi
612 3456 732 3532 fingere
757 3457 789 3517 in
814 3458 895 3519 duas
920 3459 1029 3533 partes
1052 3459 1242 3534 distractas;
1267 3460 1494 3520 tantummodo

207 3570 348 3631 ‘Creonti
379 3570 498 3646 obiicit,
530 3570 643 3646 istum,
675 3585 750 3631 cum
782 3572 851 3632 iure
883 3588 977 3646 agere
1005 3573 1197 3634 mandatum
1221 3574 1275 3651 sit,
1298 3576 1350 3635 ius
1373 3575 1494 3635 violare

220 3685 254 3744 et
275 3683 396 3744 nefarie
421 3684 533 3745 contra
556 3671 608 3743 ius
631 3683 707 3743 belli
727 3700 765 3744 ac
783 3685 873 3758 pacis
894 3701 970 3760 erga
990 3687 1184 3762 propinquos
1204 3690 1390 3760 grassatum
1411 3705 1492 3750 esse.

222 3796 284 3858 Our
313 3811 377 3857 non
407 3797 495 3857 idem
526 3797 625 3872 cives
658 3797 712 3870 qui
745 3812 821 3858 eum
853 3800 893 3860 ad
926 3799 1057 3860 exulem
1085 3801 1302 3860 reducendum
1326 3803 1495 3876 miserant,

222 3910 401 3986 improbam
422 3909 538 3983 agendi
557 3910 717 3970 rationem
738 3911 921 3986 vituperare
934 3914 1095 3987 possunt?
1117 3947 1157 3956 —
1170 3913 1371 3976 Vocabulum
1384 3918 1496 3976 autem

225 4097 443 4108 ——a-

255 4213 274 4276 1)
290 4217 377 4265 sohdll
400 4231 459 4278 pag.
483 4215 545 4264 404:
570 4216 770 4277 Triumphirend
793 4218 861 4279 frcgt
884 4219 930 4267 der
954 4222 1039 4268 vater:
1062 4221 1149 4278 „Habe
1167 4221 1208 4268 ich
1228 4236 1279 4270 nun
1297 4225 1362 4274 iiber
1379 4224 1498 4272 Thebans

222 4295 450 4355 angelegenheiten
468 4297 540 4345 nicht
556 4297 660 4344 beseere
678 4296 788 4344 einsioht
805 4298 877 4357 (oder
893 4299 1048 4360 gesinnung)
1066 4301 1104 4347 ale
1122 4298 1192 4348 dul”
1203 4337 1208 4347 .
1220 4337 1225 4349 .
1236 4336 1257 4348 ..
1276 4302 1381 4350 hiermit
1394 4302 1499 4362 leugnet

222 4387 249 4421 er
264 4375 319 4422 und
336 4378 419 4423 stfirat
432 4391 461 4424 er
475 4376 517 4425 dio
532 4377 774 4436 regiemngspartei,
789 4377 831 4425 die
846 4379 981 4426 ffirstliche
996 4381 1130 4428 Kadmeiir.
1145 4381 1258 4429 Handelt
1272 4397 1299 4429 er
1314 4382 1390 4431 dabei
1403 4383 1498 4441 gleich-

222 4454 287 4502 wohl
311 4455 353 4502 hir
370 4456 420 4503 den
438 4455 618 4517 Theberstaat,
635 4469 664 4502 so
682 4456 716 4503 ist
734 4469 761 4505 es
778 4457 813 4504 im
832 4459 1060 4508 Democratisohen
1076 4461 1149 4508 sinne
1167 4461 1220 4508 und
1237 4475 1310 4509 muse
1327 4463 1373 4509 der
1390 4462 1499 4522 duneng,

222 4533 273 4581 den
295 4547 324 4580 er
345 4535 413 4581 noch
436 4536 463 4581 in
481 4534 587 4583 Theben
604 4535 659 4594 hat,
674 4535 731 4582 eine
748 4537 958 4586 Democratisohe
975 4541 1058 4599 partei
1074 4541 1137 4587 sein.

256 4608 277 4675 ²)
291 4612 345 4659 Viri
359 4611 501 4660 doctissimi
515 4614 546 4660 Κ.
558 4614 707 4663 Lachmann
723 4617 750 4663 et
763 4616 792 4663 A.
810 4618 914 4666 Boeokh
930 4614 982 4664 iam
997 4622 1056 4666 unte
1071 4618 1212 4668 Sohollium
1221 4619 1283 4668 talia
1295 4621 1499 4672 enuntiaverunt.
