3536 5068
541 1049 614 1133 Da
643 1047 826 1137 FURIIS
854 1048 1197 1135 discilipnis.

745 1351 990 1359 --η

277 1571 315 1630 In
338 1572 512 1645 tragoediis
535 1572 667 1634 Graecis
687 1588 783 1648 saepe
803 1575 1101 1634 commemorantur
1120 1572 1264 1647 potentia
1284 1571 1340 1631 illa
1358 1571 1504 1647 numina,

232 1682 355 1742 feroces
378 1684 453 1745 illae
476 1686 565 1762 deae,
590 1700 671 1758 quae
696 1686 844 1748 homines
867 1702 1009 1760 nequam
1030 1689 1062 1747 et
1082 1687 1222 1747 nefarios
1242 1685 1377 1760 agitant,
1398 1685 1505 1745 scelus

234 1797 397 1857 vindicant
426 1799 524 1872 atque
554 1800 702 1876 puniunt,
735 1801 890 1860 mortales
918 1800 1038 1861 scelere
1062 1799 1318 1860 commaculatos
1342 1812 1504 1871 nusquam

234 1911 410 1971 consistere
440 1911 607 1986 patiuntur·
638 1928 829 1988 semperque
857 1914 1018 1989 omnibus,
1050 1913 1104 1986 qui
1136 1912 1348 1986 deliquerunt,
1377 1912 1504 1970 metum

232 2023 452 2098 terroremque
472 2025 629 2086 inliciunt.
651 2026 737 2101 Quae
757 2041 956 2100 quamquam
976 2029 1063 2088 recte
1083 2028 1122 2086 ab
1143 2025 1304 2098 Aeschylo
1323 2025 1504 2084 innumero
1547 2015 1550 2022 ’

232 2140 394 2211 ponuntur
424 2139 558 2200 dearum
583 2141 897 2218 antiquissimarum,
922 2142 1044 2217 tamen,
1069 2142 1257 2216 priusquam
1282 2139 1420 2199 Athenis
1443 2141 1504 2198 tra·

231 2251 363 2324 goediae
398 2253 450 2325 agi
480 2255 611 2328 coeptae
644 2257 731 2330 sunt,
763 2255 907 2315 nondum
940 2254 1026 2315 claro
1058 2254 1113 2316 illo
1144 2254 1333 2314 fruebantur
1363 2253 1505 2329 nomine,

233 2365 316 2438 quod
340 2380 359 2424 a
381 2367 620 2439 tragoediarum
641 2369 774 2428 demum
793 2370 897 2444 poetis
917 2369 1047 2430 saeculo
1060 2370 1172 2442 quinto
1185 2368 1386 2442 acceperunt.
1401 2365 1505 2441 Quam

231 2481 301 2538 arto
336 2481 446 2542 autem
484 2481 611 2541 vinculo
646 2482 730 2556 apud
764 2483 981 2544 Athenienses
1017 2482 1132 2543 Furiae
1167 2496 1242 2543 oum
1277 2479 1400 2553 tragica
1436 2480 1505 2539 arte

231 2593 449 2671 cohaererent,
480 2595 552 2656 luce
580 2596 698 2656 clarius
721 2597 813 2658 nobis
838 2613 878 2657 ex
903 2597 972 2658 loco
996 2597 1051 2657 1110
1076 2595 1303 2671 Aristophanis
1326 2595 1426 2669 patet,
1452 2593 1506 2652 ubi

231 2706 326 2767 deam
356 2707 585 2782 Paupertatem
617 2710 650 2769 in
681 2725 813 2771 scenam
846 2711 1057 2784 prodeuntem
1085 2709 1223 2770 necdum
1248 2708 1393 2781 agnitam
1417 2706 1505 2780 Blep-

231 2819 377 2879 sidemus
400 2821 531 2882 Furiam
556 2837 629 2883 esse
651 2825 836 2898 suspicatus
861 2825 900 2884 ad
925 2825 1069 2885 amicum
1095 2822 1305 2896 chremylum
1329 2820 1423 2880 dicit:

542 2934 612 3008 ἴσως
632 2930 752 3015 Ἐρινύς
776 2935 854 2997 ἐστιν
878 2934 910 2996 ἐκ
933 2936 1106 3016 τραγωδίας.
1123 2930 1144 3007 ¹)

276 3046 383 3107 Pauca
406 3049 517 3109 tamen
542 3052 701 3123 quaedam
725 3052 763 3111 de
786 3052 960 3127 potestate,
985 3065 1083 3123 quam
1109 3050 1174 3109 illis
1197 3050 1361 3110 Homerus
1383 3044 1507 3119 tribuit,

231 3161 312 3220 mihi
335 3162 469 3223 dicenda
500 3166 586 3240 sunt,
619 3165 807 3240 priusquam
840 3166 915 3238 quid
939 3165 1122 3238 Aeschylus
1147 3163 1383 3238 Sophoclesque
1406 3161 1445 3219 de
1469 3159 1509 3216 iis

231 3275 393 3335 senserint
415 3277 612 3351 investigare
636 3293 740 3339 coner.

273 3388 311 3448 In
344 3387 479 3450 Homeri
510 3391 608 3464 igitur
639 3393 839 3454 carminibus
870 3393 997 3469 Furiae,
1029 3409 1070 3452 ne
1101 3406 1199 3466 prave
1230 3390 1329 3464 agant
1351 3386 1510 3460 homines

229 3503 343 3563 curant
363 3507 554 3582 carentque,
576 3510 633 3569 sed
653 3523 757 3582 neque
779 3524 877 3584 saepe
898 3509 1200 3571 commemorantur
1218 3519 1322 3578 neque
1335 3501 1512 3564 horrendae

228 3617 261 3675 et
284 3616 501 3679 inexorabiles
522 3634 657 3683 munere
682 3637 741 3682 suo
765 3638 898 3698 semper
922 3623 1112 3696 funguntur.
1137 3621 1263 3694 Equum
1290 3618 1358 3677 viro
1382 3613 1514 3675 mortali

228 3729 462 3792 vaticinantem
493 3733 661 3810 cohibent;
695 3736 878 3815 Neptunus,
914 3753 989 3797 curn
1022 3736 1115 3798 fratri
1146 3735 1225 3795 natu
1257 3730 1372 3791 maiori
1403 3728 1514 3788 cedere

228 3845 408 3921 cunctatur,
448 3861 561 3907 earum
601 3852 815 3925 admonetur;
853 3853 1011 3924 Phoenirr,
1048 3849 1186 3912 Achillis
1218 3846 1311 3919 altor,
1343 3841 1517 3916 quominus

225 3957 315 4030 prole
338 3959 503 4036 gauderet,
528 3964 632 4034 patris
657 3966 728 4025 eius
752 3965 905 4040 precibus
930 3968 1117 4026 commotae
1141 3957 1382 4037 prohibuerunt.

270 4069 318 4130 Ne
349 4072 422 4144 quis
453 4072 600 4136 ordinem
634 4077 835 4154 modumque
868 4092 1082 4142 communem
1108 4072 1302 4151 egrediatur,
1326 4067 1516 4144 impediunt,

226 4186 313 4244 recto
333 4185 405 4245 ideo
424 4183 580 4247 ἐπίσκοποι
600 4198 658 4249 τῶν
671 4189 754 4268 παρὰ
767 4190 863 4268 pocla
882 4190 1068 4268 appellatae
1081 4191 1115 4250 in
1129 4187 1234 4250 Schol.
1247 4185 1287 4246 ad
1300 4185 1336 4244 Il.
1351 4182 1430 4244 XIX
1442 4180 1517 4239 418.

226 4296 281 4374 Ut,
313 4299 367 4372 qui
399 4299 523 4361 colendi
554 4306 640 4378 sunt,
674 4305 827 4367 colantur
858 4307 1018 4381 hospites,
1052 4301 1225 4382 peregrini,
1257 4299 1337 4359 natu
1369 4294 1518 4367 maiores,

225 4415 386 4490 parentes,
419 4413 581 4491 efficiunt;
613 4419 641 4478 sl
678 4420 752 4492 quis
787 4435 865 4483 vero
900 4434 997 4482 secus
1030 4417 1126 4494 laxit,
1160 4414 1308 4490 puniunt.
1343 4411 1387 4470 At
1416 4421 1520 4481 neque

261 4617 280 4687 ¹)
299 4621 721 4696 0011011111101ὶρινὺςτραγική
740 4629 875 4683 Plutarch.
894 4631 970 4682 Dion.
991 4630 1032 4678 55.
