3536 5068
895 295 957 352 104

865 603 983 664 XXIV.

332 765 465 827 Tacitus
487 766 571 827 dnn.
595 767 628 827 II
652 770 689 828 6:

333 879 444 939 Insula
473 880 671 940 Batavorum
690 861 736 940 ‘in
760 896 860 955 quam
883 882 1091 944 convenirent
1112 881 1286 959 praedicta,
1310 882 1350 944 ob
1375 883 1486 945 faciles
1511 885 1563 945 ad·

289 993 404 1068 pulsus
435 994 691 1069 accipiendisque
722 994 822 1070 copiis
860 996 893 1056 et
929 996 1241 1057 transmittendum
1281 998 1321 1058 ad
1353 971 1476 1059 bellum
1511 1014 1564 1074 op·

290 1107 436 1182 portuna.

333 1221 523 1295 legendum:
548 1221 822 1282 transmittendis,

870 1459 971 1519 XXV.

330 1622 463 1683 Tacitus
486 1622 570 1683 Anu.
594 1623 642 1683 ΠΙ
666 1625 725 1684 63:

331 1735 473 1812 Quorum
501 1736 592 1811 copia
614 1737 692 1797 fessi
713 1739 833 1813 patres,
858 1739 891 1797 et
915 1738 990 1811 quia
1014 1738 1131 1798 studiis
1154 1738 1349 1814 certabatur,
1371 1738 1558 1799 consulibua

285 1851 472 1927 permisere,
504 1852 541 1911 ut
564 1852 731 1926 perspecto
754 1850 833 1927 iure,
859 1855 892 1913 et
915 1852 1030 1925 siqua
1053 1852 1207 1927 iniquitas
1230 1852 1462 1928 involveretur,
1488 1868 1559 1913 rem

286 1965 447 2038 integram
472 1979 603 2025 rursum
627 1965 667 2026 ad
692 1966 843 2026 senatum
866 1964 1033 2026 referrent.

330 2078 416 2140 Nihil
440 2078 599 2140 omissum
624 2080 852 2154 oorruptumve
876 2081 936 2140 est.

865 2345 982 2406 XXVI.

94 2579 96 2587 ¹
200 2491 202 2496 ’
329 2509 460 2570 Tacitus
484 2510 567 2570 Anu.
592 2509 638 2569 III
663 2509 722 2570 44:

327 2625 364 2683 ut
398 2624 532 2685 solitum
562 2638 619 2697 per
648 2623 722 2684 illos
753 2623 822 2684 dies
852 2623 928 2699 egit,
959 2623 1131 2684 altitudine
1153 2623 1265 2700 animi,
1289 2638 1330 2683 an
1353 2622 1555 2697 compererat

280 2739 407 2800 modica
430 2754 502 2800 esse
526 2740 559 2799 et
583 2738 726 2812 vulgatis
748 2738 879 2800 leviora.

324 2854 515 2930 legendum:
539 2869 581 2914 an
604 2855 680 2927 quia
704 2856 917 2930 compererat.

846 3093 980 3154 XXVII.

325 3283 390 3345 Het
418 3283 447 3342 is
477 3284 532 3343 ten
564 3284 689 3344 zeerste
712 3282 745 3342 in
768 3282 825 3343 iret
847 3282 963 3355 belang
984 3284 1017 3343 ta
1041 3284 1157 3343 achten
1181 3298 1245 3343 van
1269 3285 1324 3344 iret
1346 3284 1551 3358 gymnasiaal

280 3396 460 3472 onderwiia
496 3397 552 3485 dat
583 3411 617 3479 er
647 3395 811 3471 populaire
842 3396 972 3456 werken
1003 3411 1080 3458 over
1110 3397 1149 3457 de
1180 3397 1385 3474 Mythologie,
1415 3399 1549 3474 Religle,

279 3512 479 3572 Litteratuur
509 3525 547 3570 en
580 3509 784 3584 Philosophie
815 3510 871 3570 der
902 3508 1066 3572 Classieke
1098 3509 1241 3570 Oudheid
1268 3511 1302 3570 in
1325 3511 1548 3573 smaakvollen

279 3640 372 3687 vorm
391 3626 583 3700 uitgegeven
603 3624 731 3685 worden
752 3639 791 3685 en
812 3624 888 3685 door
907 3623 1043 3685 toedoen
1059 3623 1115 3684 der
1126 3623 1270 3685 leeraren
1282 3625 1406 3686 bekend
1419 3626 1549 3697 worden
1579 3692 1582 3700 ,

280 3755 320 3800 en
342 3740 479 3814 gezooht
501 3739 601 3799 raken
623 3738 664 3814 bij
689 3738 727 3798 de
751 3736 1013 3811 Gymnasiasten.

834 3975 984 4038 XXVIII.
1076 4028 1077 4032 ,

322 4164 388 4226 Η61
410 4163 440 4224 16
463 4163 585 4225 slachts
608 4177 670 4223 aau
693 4177 752 4223 een
775 4163 1011 4236 markwaardig
1031 4163 1287 4226 conservatisme
1306 4166 1362 4226 der
1382 4165 1547 4228 dlassielre

277 4278 452 4352 Philologie
486 4279 520 4339 te
555 4278 674 4352 wijten,
704 4277 759 4337 dat
789 4277 822 4336 iu
852 4277 890 4337 de
921 4277 1149 4352 textuitgaveu
1178 4277 1235 4338 der
1264 4279 1383 4339 scenici
1405 4280 1546 4341 nimmer

277 4393 525 4470 ophelderingen
548 4391 743 4452 betreffende
766 4391 909 4451 soenerie
934 4406 974 4452 en
997 4392 1081 4452 actie
1104 4392 1233 4454 worden
1257 4408 1410 4468 gegeven.
1482 4444 1487 4458 .

777 4672 1019 4686 ——·-——-
