3536 5068
816 273 857 333 27

202 430 347 507 peierati
380 434 413 492 in
442 435 547 508 patria
578 449 655 494 suos
687 434 848 495 habebant
878 437 965 510 dece,
997 450 1134 508 quorum
1165 437 1310 510 potestas
1334 437 1474 509 regionis

202 547 321 608 finibus
344 548 577 624 continebatur,
601 564 745 622 quosque
769 550 838 610 suis
861 549 893 610 iu
917 549 1049 624 templis
1073 550 1135 609 coli
1158 564 1290 610 necesse
1311 550 1398 623 erat;
1418 565 1474 624 pro

202 662 317 738 patria,
351 677 425 738 ,pro
456 662 522 722 eris
546 664 579 722 et
602 663 702 722 focis”
727 679 783 737 per
805 665 910 724 totam
933 664 999 724 iere
1024 664 1127 724 vitam
1150 661 1346 740 pugnabant,
1369 664 1475 738 patria

205 776 335 837 victrice
354 791 483 836 summo
503 777 620 849 gaudio
639 776 839 853 fruebantur,
859 779 964 852 patria
984 778 1071 838 victa
1081 779 1113 837 in
1129 777 1273 838 maximo
1285 777 1475 851 plerumque

202 889 293 950 luctu
313 891 559 963 miserrimaque
580 890 792 952 versabantur
811 893 1005 952 condicione.
1027 891 1156 965 Optime
1167 891 1265 965 igitur
1277 890 1476 963 intellegitur

203 1004 287 1077 quod
320 1005 429 1064 iuveni
463 1004 655 1064 Atheniensi
685 1019 755 1064 rem
786 1005 948 1080 publicam
980 1005 1162 1078 capessenti
1193 1004 1364 1064 iurandum
1395 1003 1473 1063 fuit:

203 1115 308 1196 ἀμυνῶ
343 1113 375 1176 δὲ
408 1113 458 1176 καλ
493 1113 567 1195 ὑπὲρ
603 1116 690 1194 ἱερῶν
721 1114 771 1175 καὶ
803 1113 893 1176 ὁσίων
924 1114 974 1176 καὶ
1002 1115 1093 1193 μόνος
1115 1114 1164 1176 καλ
1189 1114 1260 1194 μετὰ
1283 1120 1401 1176 πολλῶν
1424 1113 1475 1176 καλ

203 1229 257 1306 τὴν
280 1230 407 1308 πατρίδα
430 1227 486 1290 οὐκ
510 1226 616 1288 ἐλάττω
639 1228 817 1307 παραδώσω.

247 1347 428 1406 Identidem
448 1345 532 1419 apud
551 1344 725 1418 scriptores
738 1343 886 1419 Graecos
900 1344 984 1416 quod
998 1342 1105 1404 Cicero
1118 1342 1304 1404 oonsulibus
1316 1343 1471 1418 praecipit

204 1461 254 1532 (de
273 1460 397 1533 legibus
416 1460 473 1534 III,
494 1459 512 1528 ἓ
532 1458 563 1528 8)
587 1457 695 1534 ,salus
714 1457 838 1534 patriae
858 1472 1012 1544 suprema
1031 1457 1084 1518 lex
1106 1459 1197 1518 esto”
1219 1458 1365 1533 recurrit,
1380 1459 1474 1522 modo

203 1575 255 1633 his
279 1575 372 1634 modo
392 1573 457 1633 illis
477 1572 585 1634 verbis
605 1587 808 1646 expressum.
828 1571 941 1632 Nonne
958 1571 1154 1632 Graecorum
1167 1572 1317 1644 quemvis
1329 1571 1473 1632 Homeri·

132 1708 135 1712 ·
203 1704 278 1750 cum
301 1688 379 1747 illud
403 1687 525 1748 dictum
547 1687 702 1760 probasse
723 1690 894 1760 putemus:

470 1791 511 1871 εἷς
535 1796 641 1870 οἰωνὸς
664 1795 781 1877 άριστος
806 1795 976 1875 ἀμύνεσθαι
999 1797 1066 1876 περὶ
1089 1798 1227 1877 πάτρηςῗ

249 1915 358 1988 Legite
392 1914 500 1988 verba,
535 1912 652 1985 quibus
686 1913 915 1987 Amphiaraus,
952 1914 1044 1972 vates
1076 1915 1109 1976 et
1138 1915 1270 1975 deorum
1307 1914 1475 1988 interpres

204 2029 399 2103 Polynicem,
424 2027 549 2087 socium
573 2041 670 2085 suurn
695 2028 728 2086 et
751 2026 876 2101 ducem,
901 2041 998 2098 quem
1017 2026 1109 2086 fatali
1129 2027 1323 2088 necessitate
1344 2030 1476 2087 coactus

203 2141 359 2215 sequitur,
383 2141 543 2202 allocutus
566 2154 639 2199 esse
662 2139 786 2214 dicitur¹
801 2139 962 2212 (Aeschyl.
988 2139 1074 2213 Sept.
1100 2142 1192 2211 576);
1487 2107 1495 2120 .

418 2242 462 2311 Ἦ
481 2257 563 2312 τοῖον
586 2250 673 2331 ἔργον
696 2249 747 2311 καλ
770 2256 870 2311 θεοῖσι
893 2249 1054 2332 προσφιλὲς

428 2365 519 2427 καλόν
543 2361 569 2426 τ’
596 2364 723 2427 ἀκοῦσαι
745 2363 795 2425 καλ
818 2363 912 2446 λέγειν
936 2363 1129 2446 μεθυστέροις

424 2479 511 2541 πόλιν
535 2479 675 2563 πατρῴαν
698 2477 748 2540 καλ
771 2478 896 2551 θεοὺς
920 2477 1013 2550 τοὺς
1037 2477 1215 2559 ἐγγενεῖς

425 2600 564 2676 πορθεῖν,
586 2589 739 2675 στράτευμ’
768 2591 896 2654 ἐπακτὸν
920 2591 1139 2672 ἐμβεβληκότας

427 2708 536 2788 μητρός
559 2731 588 2768 τε
611 2705 712 2788 πηγὴν
735 2707 777 2780 τίς
801 2704 974 2787 κατασβέσει
998 2707 1082 2784 δίκης

425 2823 529 2902 πατρίς
552 2845 581 2884 τε
604 2828 674 2903 γαῖα
699 2831 751 2899 σῆς
775 2820 835 2882 ὑπὸ
859 2822 993 2899 σπουδῆς
1017 2818 1083 2900 δορὶ

425 2933 538 2996 ἁλοῦσα
561 2945 624 3008 πῶς
648 2953 695 2996 σοι
718 2936 869 3014 ξύμμαχος
894 2934 1066 3015 γενήσεταις

205 3051 257 3110 vel
281 3053 363 3124 quod
388 3067 501 3125 praeco
525 3052 564 3112 de
588 3050 738 3124 Polynice
762 3053 890 3110 mortuo
913 3035 1119 3125 pronunciat:

649 3160 720 3243 άγος
744 3157 776 3222 δὲ
800 3161 849 3221 καὶ
873 3160 981 3221 θανὼν
1004 3162 1172 3238 κεκτήσεται

427 3283 508 3336 θεῶν
531 3275 686 3360 πατρῴων,
710 3273 762 3346 οὓς
787 3272 932 3351 ἀτιμάσας
957 3273 1007 3333 ὅδε

428 3385 574 3469 στράτευμ’
603 3387 731 3449 ἐπακτὸν
754 3386 891 3467 ἐμβαλὼν
915 3387 980 3471 ᾔρει
1003 3386 1099 3446 πόλιν.

250 3506 288 3565 cf.
314 3506 408 3578 Soph.
433 3506 509 3565 Ant.
537 3506 609 3565 199.

250 3620 309 3678 Sed
343 3620 443 3679 etiam
475 3619 581 3691 magis
611 3620 651 3678 ab
676 3618 838 3678 hodiernis
861 3617 1064 3690 opinionibus
1089 3617 1231 3677 alienum
1256 3617 1371 3691 estid,
1396 3617 1479 3689 quod

206 3735 290 3807 apud
322 3733 533 3792 Aristotelem
560 3732 699 3806 legimus
723 3732 755 3790 in
781 3731 847 3791 Pol.
872 3730 910 3806 V,
937 3732 966 3806 1,
993 3731 1073 3791 130:
1099 3729 1134 3789 οὐ
1158 3728 1211 3808 χρὴ
1235 3729 1364 3807 νομίζειν
1388 3728 1480 3789 αὐτὸν

204 3844 296 3905 αὑτοῦ
332 3869 397 3904 τινα
432 3838 507 3904 εἶναι
541 3854 599 3904 τῶν
633 3849 770 3919 πολιτῶν,
804 3840 877 3902 ἀλλὰ
909 3840 1022 3913 πάντας
1053 3851 1104 3920 τῆς
1137 3842 1256 3914 πόλεως’
1287 3841 1392 3921 μόριον
1422 3840 1478 3921 γὰρ

204 3957 322 4030 ἕκαστος
354 3967 404 4036 τῆς
435 3958 554 4030 πόλεως.
590 3960 676 4035 Quae
700 3959 863 4018 sententia
887 3958 960 4031 apte
985 3957 1055 4030 lege
1080 3957 1219 4029 quadam
1244 3957 1369 4017 Solonis
1392 3958 1477 4015 illus-

205 4076 319 4148 tratur,
352 4089 450 4146 quarn
476 4073 670 4132 Aristoteles
694 4073 727 4130 in
750 4071 831 4130 libro
855 4070 893 4130 de
917 4069 1094 4143 Republica
1118 4070 1235 4129 Athen.
1260 4085 1328 4142 cap.
1353 4070 1373 4129 8
1397 4084 1479 4128 com-

205 4189 383 4248 memorat:
409 4183 486 4265 δρῶν
513 4183 618 4263 δὲτὴν
639 4181 692 4263 μὲν
711 4183 798 4243 πόλιν
819 4181 959 4253 πολλάκις
980 4182 1205 4259 στασιάζουσαν,
1223 4190 1282 4240 τῶν
1303 4177 1334 4240 δὲ
1354 4186 1481 4241 πολιτῶν

205 4298 303 4371 ε’νίους
335 4298 384 4359 διὰ
415 4297 469 4376 τὴν
497 4299 651 4382 ῥᾳθυμίαν
675 4293 885 4376 περιμένοντας
908 4295 941 4356 τὸ
972 4295 1151 4375 αὐτόματον,
1174 4295 1268 4373 νόμον
1292 4294 1382 4374 ἔθηκε
1406 4293 1480 4373 πρὸς

204 4411 314 4484 αὐτοὺς
345 4412 433 4486 ἴδιον,
464 4408 496 4483 ὃς
528 4409 565 4470 ib
596 4411 808 4488 στασιαζούσης
840 4418 891 4486 τῆς
922 4409 1034 4482 πόλεως
1065 4410 1105 4488 μὴ
1133 4416 1225 4488 θῆται
1248 4407 1283 4468 τὰ
1307 4408 1381 4468 ὅπλα
1406 4406 1481 4486 μηδὲ
1540 4403 1544 4410 ’

203 4521 268 4602 μεθ’
295 4525 409 4603 ἑτέρων,
430 4523 533 4602 άτιμον
554 4519 629 4586 εἶναι
651 4525 769 4600 καὶτῆς
791 4525 904 4595 πόλεως
925 4522 965 4601 μὴ
986 4523 1121 4602 μετέχειν.
1145 4526 1184 4585 cf.
1206 4523 1286 4585 Geli.
1307 4524 1396 4584 Noct.
1412 4523 1481 4586 Ait.

203 4642 246 4715 Il,
273 4643 323 4700 12.
350 4641 433 4700 ΡΙα1.
458 4642 489 4700 in
517 4643 585 4702 vita
609 4642 671 4702 Sol.
698 4643 751 4701 20.
