3536 5068
419 1210 492 1292 DE
522 1206 709 1294 SUMMO
739 1209 882 1293 BONO
912 1207 1043 1292 rixo
1075 1207 1142 1289 ΕΤ
1174 1203 1401 1292 srnsslnl.

316 1774 437 1848 Operae
457 1775 538 1833 mihi
559 1775 684 1835 videtur
703 1777 843 1850 pretium
863 1776 1038 1850 paullisper
1058 1775 1110 1834 hic
1131 1774 1308 1833 subsistere
1329 1773 1362 1832 et
1374 1771 1542 1846 recordari,

272 1888 366 1960 quale
397 1889 430 1947 in
457 1889 552 1948 rebus
577 1890 692 1949 ethicis
717 1890 883 1963 Sophoclis
907 1891 950 1948 sit
974 1889 1146 1962 indicium;
1172 1890 1293 1962 utrum,
1319 1887 1403 1959 quod
1428 1885 1543 1957 cuique

271 2001 363 2060 dulce
394 2000 445 2060 vel
477 2001 554 2061 utile
585 2003 629 2061 sit
660 2006 692 2062 et
723 2018 798 2062 curn
829 2005 946 2062 natura
977 2003 1133 2076 cuiusque
1165 2003 1329 2076 congruat,
1360 2000 1391 2058 id
1423 1999 1543 2058 bonurn

271 2130 396 2188 quoque
430 2115 558 2191 iudicet,
594 2131 654 2175 sua
685 2119 846 2190 quemque
877 2117 983 2176 indole
1014 2116 1054 2175 ad
1088 2115 1194 2175 varios
1225 2114 1433 2186 diversosque
1464 2110 1547 2172 fines

271 2229 344 2288 duci
374 2230 465 2287 ratus
495 2231 528 2288 et
558 2229 751 2302 Protagorae
785 2225 924 2288 ἁπαντῶν
957 2227 1112 2307 χρημάτων
1143 2225 1248 2308 μέτρον
1281 2225 1445 2306 ἄνθρωπον
1470 2217 1547 2284 εἶναι

271 2342 430 2401 statuenti
460 2357 624 2417 assensus
657 2358 697 2402 an
729 2343 802 2402 boni
832 2342 972 2414 malique
1004 2357 1153 2402 normam
1178 2343 1321 2416 aliquam
1350 2357 1391 2402 ex
1414 2341 1547 2400 aeterno

270 2454 369 2514 fixam
401 2455 616 2528 stabilemque
640 2455 742 2516 fuisse
769 2458 801 2516 et
824 2471 953 2530 semper
977 2472 1048 2515 esse
1074 2471 1260 2515 mansuram
1286 2457 1469 2530 arbitretur,
1494 2456 1545 2515 ho·
1628 2503 1631 2507 .

270 2569 376 2628 mines
405 2570 515 2629 autem
539 2584 603 2628 non
628 2570 728 2630 alium
753 2571 816 2630 alia
840 2570 951 2642 regula
976 2570 1162 2629 iudicandos
1186 2585 1268 2645 esse,
1293 2569 1349 2630 sed
1373 2569 1468 2642 prout
1488 2584 1544 2642 pro

271 2683 339 2741 suis
372 2683 506 2756 quisque
539 2683 661 2742 viribus
692 2682 748 2743 fini
778 2685 928 2743 omnibus
959 2684 1121 2758 proposito
1153 2683 1465 2758 appropinquaverit,
1499 2682 1546 2742 ita

270 2797 362 2870 parvi
389 2799 447 2855 aut
475 2797 586 2870 magni
614 2813 686 2858 esse
710 2797 903 2858 laciendum.
930 2797 997 2872 Qua
1020 2799 1052 2857 in
1076 2813 1110 2856 re
1134 2800 1247 2870 podiae
1271 2797 1426 2856 iudicium
1450 2795 1546 2855 dubio

271 2924 334 2968 non
365 2910 539 2969 obnoxium
574 2911 633 2985 est,
659 2911 774 2984 quippe
797 2911 852 2983 qui
875 2911 1050 2970 identidem
1075 2910 1205 2970 disertis
1228 2911 1335 2970 verbis
1359 2911 1396 2969 de
1421 2909 1547 2982 legibus

271 3038 334 3082 non
352 3023 492 3098 scriptis,
514 3039 596 3096 qnae
617 3039 745 3097 semper
765 3026 798 3084 et
817 3025 935 3096 ubique
957 3024 1088 3082 valeant
1108 3026 1140 3082 et
1161 3039 1299 3097 quarum
1318 3024 1435 3083 notitia
1455 3023 1547 3094 quasi

272 3152 291 3195 a
322 3138 438 3196 natura
469 3137 501 3195 in
537 3137 705 3196 hominurn
740 3137 904 3198 mentibus
936 3138 1095 3212 impressa
1129 3138 1181 3212 sit,
1214 3138 1414 3196 mentionem
1439 3136 1546 3196 faciat.

272 3250 476 3326 Quamquam
519 3251 551 3309 in
593 3251 734 3310 transitu
770 3252 966 3311 monendum
1004 3251 1130 3310 videtur
1167 3250 1370 3323 antiquitatis
1407 3250 1548 3310 Graecae

271 3364 365 3438 plane
389 3364 471 3423 alias
494 3363 596 3424 fuisse
620 3364 796 3440 opiniones
821 3380 925 3437 neque
949 3366 1063 3438 poetae
1088 3366 1208 3438 nostro,
1233 3364 1383 3436 quamvis
1407 3364 1547 3439 cuperet,

272 3477 446 3550 contigisse
480 3478 516 3536 ut
552 3478 683 3536 omnino
709 3477 882 3537 'communi
920 3493 1028 3553 coeno,
1061 3480 1096 3537 ut
1129 3479 1176 3537 ait
1206 3477 1371 3554 Horatius
1402 3478 1548 3552 plantam

272 3591 441 3664 evelleret;
486 3590 735 3666 polytheismus,
774 3592 828 3664 qui
864 3593 1007 3667 vocatur,
1044 3606 1119 3651 cum
1154 3591 1263 3650 stabili
1298 3591 1372 3650 boni
1407 3591 1549 3662 malique

272 3720 395 3779 norma,
428 3719 501 3763 curn
534 3705 666 3763 aeterna
698 3704 833 3780 iustitia,
865 3704 981 3764 sociari
1013 3720 1077 3764 non
1100 3706 1207 3778 potest
1232 3706 1264 3765 et
1287 3706 1325 3780 is,
1351 3705 1404 3777 qui
1429 3704 1550 3764 multos

272 3820 349 3878 deos
372 3833 443 3877 esse
468 3818 578 3892 credit,
603 3818 765 3877 iustitiam
791 3833 938 3877 severam
965 3818 1153 3876 numinibus
1177 3819 1346 3878 abiudicat.
1370 3818 1430 3876 Sed
1451 3833 1547 3889 quarn

272 3931 382 4005 iniqui,
414 3931 645 4005 inconstantes
681 3931 789 3990 vitiosi
821 3932 870 3990 dei
902 3931 1095 3990 Graecorum
1121 3931 1250 4006 fuerint,
1275 3947 1353 3990 mox
1376 3931 1548 3990 recordabi-

272 4060 354 4119 mur,
372 4058 457 4103 nunc
470 4059 568 4116 quam
582 4045 733 4118 pulchrae
747 4045 912 4118 opiniones
927 4045 1138 4117 notionesque
1153 4045 1186 4104 in
1199 4044 1364 4119 Sophoclis
1376 4043 1551 4117 tragoediis

272 4158 488 4233 inveniantur,
513 4158 692 4218 videamus

560 4267 590 4328 εἴ
610 4291 660 4347 μοι
685 4270 785 4348 ξυνείη
810 4267 930 4349 φέροντι

561 4388 650 4462 μοῖρα
673 4382 727 4444 τὰν
752 4381 893 4444 εὕσειιιον
918 4381 1039 4464 ἁγνείαν
1064 4382 1160 4463 λόγων

561 4495 655 4575 ἔργων
678 4519 707 4557 ιε
730 4497 860 4574 πάντων,
883 4488 926 4558 ὧν
949 4497 1036 4575 νόμοι
1060 4495 1230 4577 πρόκεινται

562 4608 721 4689 ὑψίποδες,
744 4609 889 4690 οὐρανίαν
