3536 5068
879 258 921 316 90

262 417 381 491 partes,
405 414 542 475 alteram
565 418 784 494 optimatium,
813 420 949 479 alteram
973 420 1176 493 popularium
1201 419 1319 479 Thebis
1344 434 1416 479 esse
1441 418 1534 492 fingit

262 532 296 590 et
318 529 474 604 Oedipum
498 531 645 606 foederis,
671 532 754 604 quod
779 548 853 592 curn
878 533 1103 593 Thebanorum
1129 532 1337 607 popularibus
1360 533 1531 592 Athenien·

262 645 346 704 sium
373 623 569 705 democratia
593 645 698 730 feriat,
722 646 815 718 quasi
839 647 1005 706 auctorem
1029 646 1116 706 facit.

306 758 410 833 Quam
440 759 755 830 argumentationem
787 774 860 818 cum
889 761 995 819 totam
1017 759 1149 818 reddere
1174 760 1206 818 et
1229 758 1375 819 refellere
1399 761 1532 834 longum

261 873 314 945 sit,
356 872 511 931 nonnulla
553 872 670 944 eligam
705 876 908 948 argumenta,
944 873 1060 945 quibus
1096 872 1238 932 multum
1273 873 1396 948 tribuit,
1432 889 1534 947 eaque

261 987 451 1059 redarguere
476 986 622 1045 conabor.

306 1099 412 1171 Longe
447 1098 549 1172 abest,
580 1099 627 1158 ita
658 1098 826 1173 Schedius,
859 1114 878 1157 a
913 1098 1078 1172 Sophoclis
1109 1099 1211 1172 ip'sius
1241 1101 1414 1176 proposito,
1450 1101 1533 1173 quod

262 1212 401 1285 Oedipus
425 1213 457 1270 in
479 1213 647 1272 civitatem
670 1212 918 1272 Atheniensium
947 1213 1117 1287 recipitur;
1142 1213 1268 1286 nepotis
1292 1214 1352 1274 hoc
1375 1216 1425 1274 est
1450 1214 1533 1275 addi·

261 1327 455 1400 tamentum,
486 1327 569 1398 quod
602 1340 676 1388 cum
708 1325 831 1399 reliqua
862 1326 980 1400 fabula,
1015 1327 1048 1386 in
1080 1341 1144 1399 qua
1175 1325 1315 1399 Oedipus
1347 1329 1535 1401 peregrinus

261 1439 401 1514 fingitur,
427 1441 536 1514 aperte
559 1441 682 1514 pugnat
706 1439 779 1510 (vid.
804 1439 916 1500 Nauck
940 1455 1012 1514 pag.
1039 1440 1101 1510 82).

305 1553 349 1610 At
379 1552 484 1612 civem
515 1553 748 1612 Atheniensem
781 1552 938 1627 Oedipum
970 1552 1040 1612 fieri
1072 1554 1155 1613 unde
1187 1555 1301 1628 patet?
1327 1554 1439 1613 -Ex
1470 1571 1533 1614 uno

262 1681 356 1726 versu
382 1667 456 1741 637,
480 1666 534 1725 ubi
558 1666 702 1727 Theseus
726 1666 818 1727 dicit:

572 1775 634 1859 ἁγὼ
657 1777 806 1859 σεβισθείς
830 1773 929 1840 οὔποτ’
957 1777 1070 1858 ἐκβαλῶ
1094 1779 1179 1858 χάριν

572 1889 625 1968 τὴν
648 1892 744 1968 τοῦδε,
766 1891 845 1975 χώρᾳ
871 1886 899 1950 d’
927 1890 1053 1968 ἔμπαλιν
1077 1901 1215 1951 acroama>
1242 1889 1274 1963 ¹).

306 2006 366 2065 Pro
392 2007 544 2066 vocabulo
565 2003 690 2081 ἔμπαλιν
712 2006 917 2080 Musgravius
936 2007 1045 2066 nescio
1065 2022 1163 2080 quam
1184 2008 1223 2068 ob
1244 2021 1378 2066 causam
1399 2005 1535 2066 coniecit

261 2119 393 2197 ἕμπολιν,
428 2136 491 2193 qua
524 2120 563 2180 de
599 2121 783 2180 coniectura
818 2135 892 2180 cum
928 2119 1087 2180 Schdllius
1122 2122 1240 2194 taceat,
1284 2121 1394 2179 utrum
1423 2119 1536 2193 probet

261 2251 371 2310 necne,
392 2235 537 2294 statuere
557 2233 686 2293 difficile
706 2235 766 2308 est,
788 2233 844 2292 sed
864 2233 1016 2306 probasse
1038 2249 1113 2293 eum
1134 2233 1290 2306 suspicor.
1310 2231 1533 2292 coniecturam

262 2349 293 2407 in
317 2351 445 2408 textum
471 2348 661 2420 receperunt
685 2346 744 2407 viri
768 2347 948 2408 doctissimi
972 2348 1107 2408 Dindorl
1123 2348 1234 2418 (etiam
1255 2348 1287 2406 in
1309 2347 1535 2407 recentissima

262 2464 421 2539 editione),
448 2462 599 2538 Wunder,
625 2462 857 2537 Schneidewin,
880 2461 1031 2537 Blaydes,
1056 2462 1215 2536 Hartung,
1239 2461 1318 2521 Jebb
1342 2461 1406 2520 alii.

306 2577 403 2636 Plane
437 2579 549 2636 tamen
584 2575 667 2636 falsa
701 2575 780 2635 mihi
816 2576 952 2636 videtur.
990 2575 1137 2635 Primum
1172 2575 1344 2635 lectionem
1379 2575 1534 2634 traditam

261 2692 346 2750 recte
378 2705 413 2749 se
445 2690 562 2749 habere
593 2705 696 2761 neque
728 2692 912 2764 corruptam
937 2705 1009 2750 esse
1033 2704 1159 2750 censeo.
1184 2687 1385 2749 Vocabulum
1410 2684 1535 2762 ἔμπαλιν

264 2820 300 2878 ,e
321 2802 501 2863 contrario”
522 2800 708 2875 significans
730 2803 813 2876 apud
834 2801 1024 2876 Sophoclem
1044 2801 1145 2862 etiarn
1167 2801 1296 2860 Electra
1317 2802 1380 2860 647
1399 2800 1536 2860 occurrit

261 2923 293 2976 et
313 2895 489 2990 praeterea,
511 2918 547 2974 ut
567 2917 626 2974 hos
646 2915 792 2990 afferam,
812 2916 896 2990 apud
917 2915 1087 2989 Polybium
1109 2915 1176 2992 (IX,
1198 2915 1250 2989 22,
1274 2915 1335 2990 10),
1356 2913 1534 2973 Lucianum

261 3031 435 3101 (Prometh.
473 3030 514 3103 5),
546 3029 682 3088 Dionem
716 3026 864 3088 Oassium
896 3028 985 3106 (LIV,
1022 3031 1071 3100 16)
1100 3029 1146 3089 in·
1163 3028 1276 3088 eadem
1302 3025 1535 3100 significatione

261 3142 378 3216 legitur
409 3145 442 3202 et
473 3144 582 3201 nostro
614 3142 683 3202 loco
713 3141 794 3201 nihil
825 3144 943 3219 obstat,
977 3144 1151 3216 quominus
1183 3157 1315 3202 uersum
1349 3142 1409 3200 hoc
1439 3139 1535 3200 modo

262 3256 508 3330 intellegamus:

310 3386 345 3444 ,e
369 3368 528 3430 contrario
552 3368 585 3427 in
609 3368 737 3440 regione
762 3383 836 3429 mea
861 3369 1022 3431 collocabo
1046 3372 1079 3430 et
1103 3369 1264 3430 domicilio
1289 3367 1445 3428 donabo”.

307 3482 497 3544 coniectura
524 3479 686 3558 „innota”
710 3483 878 3556 praeterea
901 3483 972 3543 ideo
996 3484 1172 3543 temeraria
1198 3484 1258 3558 est,
1281 3482 1356 3555 quia
1376 3479 1537 3541 Graecum

262 3600 321 3658 hoc
345 3613 417 3658 esse
442 3596 634 3656 vocabulum
659 3595 795 3654 minime
819 3600 957 3656 constat.
984 3597 1076 3670 Apud
1099 3597 1289 3669 Sophoclem
1310 3595 1538 3655 tantummodo

262 3712 337 3772 Oed.
371 3710 436 3771 Ool.
471 3711 554 3770 1156
588 3709 736 3783 occurrit,
771 3709 822 3768 ubi
855 3712 1041 3783 corruptum
1074 3710 1141 3783 est3
1175 3710 1230 3781 qui
1257 3709 1348 3769 locus
1370 3711 1538 3782 propterea

262 3827 453 3899 argumento
479 3838 550 3882 esse
574 3837 638 3881 non
662 3822 769 3895 potest
793 3821 933 3882 Graecos
956 3824 1016 3882 hoc
1042 3822 1195 3882 vocabulo
1220 3837 1297 3882 usos
1311 3836 1383 3881 esse
1398 3814 1429 3891 ²).
1452 3821 1539 3881 Nihil

296 4080 315 4141 ¹)
341 4084 403 4141 „Mit
426 4082 670 4130 rbllrerreohtlioher
692 4082 848 4139 motivirung
871 4083 929 4140 (631
948 4082 980 4138 ff]
1004 4081 1108 4128 ertheilt
1132 4081 1186 4128 ihm
1207 4082 1324 4130 Theseus
1342 4082 1384 4128 die
1401 4083 1539 4130 aulnahme

262 4163 300 4208 ala
319 4163 414 4222 biirger
431 4162 485 4210 und
503 4162 584 4207 damit
602 4161 693 4207 achntz
711 4174 795 4220 gagen
812 4161 854 4207 dia
872 4160 990 4218 drtngm,
1005 4160 1046 4206 die
1062 4174 1090 4206 er
1106 4162 1248 4209 erwartet.”
1262 4163 1291 4209 A.
1306 4161 1392 4208 Sohdll
1408 4175 1466 4221 pag.
1482 4163 1539 4209 394.

296 4237 315 4303 ²)
338 4243 388 4288 Aut
411 4246 449 4288 ool
466 4259 491 4300 γε
514 4242 557 4296 μὲν
573 4244 640 4302 φίλον
655 4239 659 4302 Ι
675 4242 717 4286 οὐκ
735 4239 797 4293 ὄντα,
817 4247 916 4299 συγγενῆ
933 4240 966 4294 δέ,
983 4241 1025 4286 vel
1042 4240 1094 4286 tale
1113 4241 1236 4298 quiddam
1257 4243 1308 4297 aut,
1328 4240 1456 4288 siverdus
1475 4242 1538 4288 1161

262 4322 294 4367 ad
318 4321 430 4367 litteram
453 4319 618 4380 accipiendus
641 4321 689 4375 est,
712 4324 760 4378 adv⁸
773 4320 815 4375 μὲν
833 4321 948 4382 Apyrina
963 4319 966 4379 Ι
982 4321 1053 4373 ἰόντα,
1072 4327 1170 4378 συγγινῆ
1188 4319 1221 4380 δέ,
1239 4321 1279 4366 vel
1299 4319 1396 4378 aliquid
1415 4319 1540 4366 eiusmodi

262 4402 395 4460 scripserit
410 4399 486 4460 poeta
502 4412 608 4445 necesse
623 4400 670 4445 eet.
686 4399 771 4456 Miror,
788 4398 856 4457 qnod
871 4399 1002 4445 Hermann
1017 4398 1128 4445 Dindorf
1141 4398 1209 4447 Jebb
1220 4399 1412 4446 aliidelooone
1422 4399 1541 4448 dubitant

262 4480 375 4539 quidem.
401 4480 489 4526 Nauck
512 4479 591 4525 rerba
615 4479 735 4536 corrupta
758 4491 814 4524 ease
839 4480 927 4524 censet
949 4480 976 4523 et
999 4482 1036 4524 ool
1059 4478 1078 4535 γ’
1105 4479 1230 4534 ὁμόπολιν
1253 4479 1382 4538 proponit,
1403 4479 1472 4537 quod
1489 4493 1540 4525 non

262 4561 356 4606 melius
379 4573 456 4618 qnam
480 4559 616 4605 lectionem
641 4556 762 4605 traditam
786 4558 882 4614 habeo;
908 4558 1006 4619 patriae
1029 4559 1124 4605 mentio
1151 4559 1183 4605 de
1207 4559 1281 4606 exule
1299 4559 1422 4606 adversus
1439 4559 1540 4606 exulem

263 4639 332 4687 facta
349 4638 460 4687 absurda
478 4640 524 4684 est.
