3536 5068
820 295 860 356 33

198 461 286 520 enirn
306 461 482 522 seeundum
504 475 653 520 severam
673 459 844 535 iustitiam,
866 459 1019 532 quonlam
1040 462 1073 520 et
1085 461 1192 522 iustus
1205 464 1256 522 est
1271 465 1304 522 et
1316 463 1468 525 inluriam

198 575 266 634 odit
290 577 322 635 et
344 589 458 635 omnes
482 574 637 634 mortales
660 573 835 634 liberorum
859 574 928 634 loco
951 573 1049 635 habet
1071 577 1169 648 atque
1189 577 1289 652 amat,
1311 578 1417 638 scelus
1437 581 1470 639 et

199 688 350 748 iniuriam
377 689 480 765 punit,
511 689 557 748 ita
587 691 624 748 ut
655 689 839 749 hominibus
871 688 978 748 maius
1008 687 1135 749 lucrum
1167 705 1264 762 quam
1296 692 1347 751 dei
1369 707 1472 766 poena

200 801 277 875 fingi
310 817 374 863 non
406 803 510 876 possit
525 797 545 872 ¹)
582 837 622 845 —
655 803 701 862 illi
737 803 915 862 secundum
950 803 1052 862 animi
1086 802 1234 863 habitum
1269 805 1471 884 mutabilem,

200 917 350 988 quoniam
388 918 420 975 et
456 917 637 977 vindicandi
672 916 778 991 cupidi
809 918 842 977 et
877 932 912 976 se
943 916 983 975 ab
1014 916 1200 976 hominibus
1230 919 1370 979 offensos
1401 935 1474 980 esse

200 1029 327 1102 gravati
358 1030 391 1088 et
421 1029 486 1088 illis
518 1031 611 1102 quasi
642 1029 784 1090 inimicis
815 1029 890 1090 irati
910 1032 1007 1102 atque
1031 1029 1142 1090 infesti
1165 1034 1252 1105 sunt,
1276 1031 1418 1092 facinora
1442 1035 1475 1094 et

201 1141 318 1202 delicta
340 1141 513 1218 vindicant,
533 1143 580 1201 ite
599 1143 636 1201 ut
655 1142 839 1204 hominibus
858 1144 892 1202 in
912 1143 1069 1203 maximis
1087 1144 1329 1205 calamitatibus
1340 1147 1474 1206 deorum

201 1273 304 1332 poena
326 1257 472 1331 ponenda
496 1256 550 1316 sit.

246 1371 380 1430 Illorum
422 1385 523 1444 poena
561 1370 710 1429 homines
745 1369 876 1442 corrigi!
914 1370 992 1430 Illos
1027 1385 1100 1430 esse
1135 1385 1256 1443 aequos
1289 1372 1473 1445 iustosque!

202 1486 354 1545 Iustusne
377 1483 473 1544 deum
498 1487 590 1558 pater
613 1486 710 1556 atque
735 1483 906 1543 hominurn
929 1499 988 1544 rex
1011 1485 1095 1557 apud
1116 1484 1296 1544 Homerum
1320 1485 1476 1558 fingitur?

202 1599 369 1658 lustamne
389 1598 427 1658 ob
448 1613 582 1659 causam
600 1598 695 1658 modo
708 1597 840 1657 Graecis
853 1597 948 1658 modo
961 1597 1107 1657 Troianis
1121 1599 1255 1659 victoria
1268 1600 1477 1660 conceditur?

202 1715 354 1773 Iustusne
374 1712 528 1786 appellari
547 1713 654 1785 potest
674 1711 854 1787 Neptunus,
875 1711 930 1782 qui
950 1683 1146 1771 Graecorum
1168 1714 1338 1772 moenibus
1354 1714 1478 1774 invidet

203 1827 237 1886 et
264 1826 385 1886 invidia
415 1827 532 1886 ductus
559 1840 597 1884 ea
620 1824 742 1884 diruit?
766 1823 886 1883 Utrum
909 1824 1055 1884 iustitiae
1079 1825 1183 1897 gratia
1206 1840 1248 1884 an
1271 1826 1402 1886 honoris
1426 1827 1477 1886 sui

203 1954 302 1999 causa
325 1940 404 2000 deus
428 1938 574 1999 marinus
597 1938 762 1997 Phaeacas
786 1937 903 2011 punit?
930 1969 970 1979 -

248 2053 296 2112 Ab
324 2053 486 2113 Herodoto
508 2052 586 2112 deos
608 2051 713 2109 iustos
737 2049 906 2110 aestimari
930 2050 1003 2123 quis
1026 2050 1224 2111 contendat?
1250 2084 1290 2094 -
1315 2051 1478 2113 Historiae

204 2168 341 2241 patrem,
372 2166 427 2239 qui
450 2166 530 2240 pius
560 2165 693 2224 deorum
725 2163 769 2222 sit
800 2163 914 2238 cultor,
947 2178 1043 2224 casus
1074 2164 1337 2238 mutationesque
1369 2181 1478 2226 rerum

206 2295 319 2339 omnes
339 2280 457 2339 referre
477 2279 517 2339 ad
537 2274 588 2336 τὸν
609 2275 730 2352 φθόνον
751 2284 809 2335 τῶν
828 2281 920 2353 θεῶν,
936 2273 1129 2353 ἐπιστάμενον
1150 2279 1198 2347 (ut
1210 2277 1361 2338 Solonem
1374 2279 1478 2340 dicere

205 2389 296 2465 facit)
329 2389 361 2452 τὸ
391 2396 477 2450 θεῖον
508 2399 568 2448 πᾶν
599 2387 648 2449 ἐὸν
680 2387 835 2468 φθονερόν
862 2409 892 2447 τε
911 2386 961 2447 καὶ
984 2389 1148 2468 ταραχῶδες
1171 2391 1262 2466 salim,
1286 2391 1350 2450 nisi
1374 2392 1477 2467 fallor,

204 2507 341 2566 constat.
367 2505 412 2566 of.
436 2505 553 2565 Herod.
579 2503 647 2578 VII,
674 2504 715 2563 10
739 2504 772 2562 et
796 2503 906 2563 Heinr.
932 2502 1022 2563 Stein
1046 2502 1087 2562 ad
1109 2502 1227 2563 locum.

248 2620 295 2680 Ne
316 2619 497 2692 Aeschylus
523 2618 662 2691 quidem,
687 2617 742 2690 qui
766 2617 954 2690 religionem
979 2616 1136 2676 Graecam
1160 2618 1200 2677 ad
1225 2633 1394 2678 summum
1418 2618 1478 2678 ias-

206 2734 322 2807 tigium
346 2732 490 2809 sustulit,
512 2747 641 2805 semper
663 2731 808 2790 divinam
828 2730 989 2790 iust'tiam
1014 2745 1146 2790 curasse
1169 2730 1250 2789 mihi
1274 2732 1410 2792 videtur.
1434 2732 1479 2792 Ut

207 2850 287 2908 haec
309 2847 463 2908 afferam:
488 2861 568 2906 num
592 2847 663 2906 sine
685 2846 754 2904 iure
779 2845 992 2905 Prometheus
1015 2844 1085 2905 Iovi
1108 2845 1245 2904 nimiam
1268 2845 1479 2905 acerbitatem

206 2963 240 3022 et
270 2961 494 3042 crudelitatem
525 2960 633 3020 obiicit
665 2959 781 3029 (Proin.
816 2960 869 3033 35,
904 2959 978 3033 150,
1012 2957 1111 3028 186)?
1138 2957 1250 3017 Nonne
1274 2959 1479 3019 innocentem

206 3074 407 3154 Iphigeniam
428 3073 564 3133 mactari
585 3073 686 3131 Diana
705 3072 872 3145 postulat?
892 3071 1005 3130 Nonne
1025 3072 1059 3130 Io
1075 3071 1108 3130 in
1132 3071 1238 3130 Proin.
1253 3074 1286 3131 et
1299 3071 1479 3132 Cassandra

207 3188 241 3248 in
264 3188 379 3262 Agam.
405 3189 504 3248 nimis
527 3202 660 3260 gravem
684 3186 857 3259 pudicitiae
881 3186 976 3245 luunt
998 3187 1161 3259 poenam?

253 3300 407 3361 Omnium
426 3302 538 3361 tamen
559 3301 752 3374 scriptorum
770 3299 966 3360 Graecorum
979 3299 1040 3358 hao
1053 3299 1091 3359 de
1105 3315 1139 3357 re
1152 3298 1319 3372 opiniones
1331 3302 1480 3360 accurate

208 3429 367 3488 exponere
398 3429 501 3487 neque
533 3428 681 3474 mearum
713 3413 830 3473 virium
863 3414 914 3472 ost
944 3427 1048 3484 neque
1076 3413 1173 3472 huius
1196 3412 1312 3486 libelli;
1338 3429 1415 3473 nam
1440 3414 1479 3473 ad

206 3527 436 3588 confutandam
456 3528 599 3600 aliquam
619 3527 817 3587 sententiam
836 3526 981 3600 pluribus
998 3539 1096 3598 quam
1109 3526 1149 3584 ad
1161 3526 1358 3599 probandam
1374 3527 1480 3586 verbis

207 3645 240 3700 et
259 3641 418 3716 exemplis
439 3656 520 3715 opus
540 3643 590 3700 est
610 3644 643 3700 et
662 3641 736 3700 huic
757 3640 967 3715 disputationi
991 3639 1089 3714 „certi
1108 3640 1186 3698 sunt
1202 3640 1338 3712 denique
1358 3639 1478 3714 dnes”;

208 3771 227 3815 a
258 3754 412 3830 Sophocle
443 3754 540 3827 igitur
571 3769 635 3813 non
666 3754 830 3814 discedam
855 3754 888 3812 et
911 3753 1023 3826 paucis
1046 3753 1274 3812 demonstrabo
1297 3753 1380 3826 apud
1404 3769 1479 3813 eum

207 3885 311 3942 neque
340 3869 490 3929 homines
519 3868 626 3928 dolore
658 3867 839 3928 submissos
872 3868 977 3940 magis
1008 3866 1077 3926 fieri
1108 3869 1165 3926 aut
1196 3866 1348 3926 meliores
1374 3882 1478 3940 neque

207 3984 284 4043 deos
307 3983 411 4042 iustos
434 3985 468 4043 et
491 3998 611 4056 aequos
635 3997 670 4042 se
693 3984 869 4056 praestare.

251 4097 336 4156 Aiax
368 4111 387 4156 a
417 4097 477 4157 dea
507 4097 650 4174 Minerva
681 4096 821 4156 afflictus
856 4096 946 4156 valde
970 4111 1006 4155 se
1030 4095 1189 4156 erravisse
1213 4093 1388 4168 intellegit:
1415 4095 1478 4154 ani-

208 4226 323 4270 musne
354 4211 425 4271 ideo
456 4211 495 4271 ad
521 4212 676 4270 virtutem
700 4211 920 4283 pietatemque
942 4209 1093 4283 proclivis
1116 4209 1223 4280 magle
1246 4209 1278 4268 et
1301 4222 1479 4282 propensus

207 4325 283 4384 est?
316 4357 357 4366 -
389 4323 473 4384 Mors
504 4339 605 4384 unum
638 4325 688 4383 est
720 4323 913 4397 perfugium.
946 4322 1047 4385 Oreon
1078 4324 1213 4384 deorum
1244 4336 1341 4395 opera
1364 4323 1397 4380 et
1419 4336 1479 4381 sua

242 4529 261 4590 ¹)
280 4530 352 4587 Vide,
375 4533 404 4577 nt
426 4531 475 4578 hoc
495 4532 608 4588 afferam,
632 4531 713 4591 Epist.
735 4531 767 4576 ad
787 4532 920 4577 Hebraeos
937 4531 986 4577 XII
1005 4532 1095 4587 6-1n‚
1113 4533 1139 4577 et
1153 4529 1179 4575 in
1197 4528 1288 4589 primis
1305 4528 1369 4574 haec
1387 4529 1476 4575 rerba:

208 4611 220 4656 ri
243 4611 268 4656 δῦ
291 4613 336 4667 (so.
351 4608 425 4673 deus)
444 4613 480 4657 lul
499 4613 525 4657 τὸ
543 4611 668 4674 συμφέρον,
689 4612 720 4664 ol:
736 4611 762 4656 τὸ
780 4615 917 4671 pernimium
935 4618 974 4670 τῆς
992 4613 1113 4670 ἁγιότητος
1130 4611 1208 4655 αὐτοῦ.
1226 4604 1354 4672 (homines
1371 4610 1479 4667 castigat

206 4692 233 4736 et
249 4688 334 4750 punit)
353 4690 386 4736 oi.
405 4690 417 4735 1
434 4690 517 4749 Epist.
535 4688 605 4738 Petri
622 4689 665 4750 VI,
684 4690 723 4748 12,
741 4691 779 4736 1³.
797 4689 831 4745 11,
852 4691 891 4746 19,
910 4691 949 4736 lo.
967 4690 1048 4735 Isaias
1065 4688 1180 4747 XLVIII,
1201 4690 1238 4733 10.
1257 4688 1347 4733 Motth.
1362 4687 1391 4743 V,
1411 4690 1449 4734 10.

1386 4773 1400 4816 3
