3536 5068
881 267 923 326 46

621 427 689 506 ὄψει
714 427 746 490 δὲ
770 429 818 489 κεί
836 452 878 502 τις
903 426 989 501 irrep
1014 426 1111 507 ἤλιτεν
1135 430 1249 508 βροτῶν

620 540 639 622 ἢ
661 542 736 604 θεὸν
761 541 780 623 ἢ
804 541 898 616 ξένων

619 652 670 717 τιν’
696 655 872 736 ἀσεβοῦντες
895 655 915 737 ἢ
939 666 1048 736 τοκῆας
1071 658 1190 735 φίλους,

621 765 719 849 ἔχονθ’
745 767 867 831 ἕκαστον
890 779 942 850 τῆς
965 771 1050 849 δίκης
1076 769 1188 844 ἐπάξια.

310 885 508 960 Quibuscum
527 885 606 945 locis
619 886 736 946 tertius
749 889 799 946 est
812 887 1064 963 coniungendas,
1079 888 1124 962 ut,
1138 889 1222 948 unde
1236 888 1367 948 veniant
1380 888 1469 962 deae,
1483 887 1540 948 ubi

266 1001 422 1076 habitent,
442 1015 540 1073 quam
562 1001 601 1060 ob
614 1016 749 1062 causam
762 1001 794 1061 in
807 1002 960 1076 praedam
974 1003 1070 1061 ruant
1082 1001 1317 1074 perspiciamus
1330 1001 1431 1070 (Eum.
1446 1001 1538 1069 aru:

624 1112 701 1186 ὅστις
726 1109 753 1173 δ’
780 1111 888 1172 άλιτῶν
912 1112 1008 1192 ὥσπερ
1033 1108 1079 1173 ὅδ’
1107 1110 1183 1191 άνὴρ

621 1232 718 1307 χεῖρας
742 1227 851 1304 φονίας
875 1225 1054 1307 ἐπικρύπτει,

622 1340 766 1420 μάρτυρες
790 1337 881 1420 ὀρθαὶ
904 1345 978 1401 τοῖσι
1001 1345 1151 1401 θανοῦσιν

622 1454 875 1536 παραγιγνόμεναι
897 1455 1060 1535 πράκτορες
1086 1453 1208 1531 αἵματος

624 1566 703 1652 αὐτῷ
727 1567 828 1642 τελέως
852 1568 1016 1647 ἐφάνημεν.

312 1683 449 1756 Sanguis
487 1684 610 1743 effusus
644 1682 768 1743 inultus
804 1699 936 1744 manere
966 1683 1097 1757 nequit;
1131 1681 1161 1740 τί
1189 1680 1245 1760 γὰρ
1268 1681 1375 1760 λύτρον
1399 1681 1540 1752 πεσόντος

266 1796 388 1873 αἱματος
410 1794 511 1870 πέδας
532 1797 648 1857 chorus
668 1799 760 1870 rogat
781 1795 929 1872 (Ohoeph.
951 1798 1004 1866 47)
1025 1799 1057 1856 et
1077 1797 1162 1857 idem
1183 1796 1291 1871 paullo
1303 1798 1376 1870 post
1389 1797 1442 1867 (64
1456 1799 1537 1869 sqq.)

266 1911 471 1985 pronuntiat:

490 2022 521 2083 δι’
542 2016 615 2101 αἷμα
638 2022 717 2096 άπαξ
740 2017 838 2082 ποθὲν
862 2016 892 2082 δ’
918 2020 978 2083 ὑπὸ
1001 2021 1113 2100 χθονὸς
1136 2029 1251 2100 τροφοῦ

490 2136 569 2208 τίτας
592 2134 687 2213 φόνος
710 2132 841 2215 πέπηγεν
865 2134 901 2196 οὐ
927 2136 1103 2215 διαρρύδαν.

267 2253 341 2322 (vid.
365 2254 532 2327 praeterea
556 2250 693 2325 Ohoeph.
707 2252 782 2326 400,
796 2251 870 2327 518,
884 2252 999 2325 agam.
1016 2252 1099 2312 1187
1114 2254 1240 2328 sq.).1s‚
1254 2252 1308 2326 qui
1321 2252 1538 2328 interemptus

267 2369 328 2441 est,
359 2366 489 2441 clamat,
523 2367 558 2426 ut
588 2364 677 2425 necis
708 2365 819 2424 auctor
850 2365 935 2425 idem
967 2366 1120 2442 patiatur,
1153 2365 1339 2441 Furiaeque,
1374 2380 1456 2438 quae
1480 2361 1540 2424 ὑπὸ

267 2477 364 2558 χθόνα
384 2477 465 2551 τάξιν
486 2475 583 2556 ἔχουσι
604 2474 653 2536 καί
673 2475 815 2553 δυσήλιον
834 2475 946 2553 κνέφας
967 2478 1069 2549 (Eum.
1092 2479 1166 2549 398)
1187 2479 1310 2555 inuitat,
1330 2480 1367 2539 ut
1378 2477 1541 2557 πράκτορες

266 2593 387 2671 αἵματος
411 2609 508 2654 suum
532 2594 752 2665 exsequantur
774 2591 930 2653 officium.
1155 2573 1157 2578 ¹

310 2710 424 2782 Itaque
447 2709 530 2782 apud
554 2707 674 2766 inferos
697 2721 825 2780 semper
846 2706 1003 2781 habitant,
1024 2706 1134 2781 procul
1154 2722 1173 2766 a
1194 2706 1244 2766 dis
1255 2707 1382 2781 superis
1394 2709 1539 2767 remotae

265 2824 525 2896 instiganturque
549 2837 568 2881 a
591 2821 730 2880 mortuis
753 2821 850 2892 atque
874 2820 1067 2894 praesertim
1087 2820 1127 2880 ab
1148 2820 1198 2896 iis,
1219 2835 1300 2893 quos
1322 2821 1466 2895 hospites
1489 2820 1538 2879 vel

265 2937 355 2997 liberi
385 2936 507 2996 nefarie
538 2935 782 2994 interemerunt.
814 2936 924 3007 Aeque
957 2936 1067 2994 autem
1098 2934 1212 2994 Furias
1242 2935 1294 2993 ius
1318 2934 1491 2994 liberorum
1520 2948 1539 2992 a

265 3051 451 3124 parentibus
475 3049 629 3109 violatum
651 3048 819 3109 defendere
844 3063 884 3108 ex
899 3046 1176 3122 Clytaemnestrae
1190 3048 1296 3108 verbis
1309 3048 1538 3121 comperimus,

266 3177 348 3234 quae
372 3163 505 3236 coniuge
529 3163 673 3221 mactato
696 3162 776 3222 haec
800 3161 957 3235 gloriatur
980 3161 1107 3235 (agam.
1135 3163 1249 3231 1488);

490 3271 530 3352 μδι
551 3272 606 3351 τὴν
629 3272 737 3334 τέλειον
760 3283 811 3354 τῆς
835 3272 907 3352 ἐμῆς
930 3272 1038 3347 παιδὸς
1062 3275 1158 3352 Δίκην

482 3385 572 3466 ’Ἀτην
594 3387 618 3448 τ’
644 3382 766 3467 Ἐρινύν
790 3383 833 3467 θ’,
857 3382 918 3449 αίσι
941 3383 1020 3450 τόνδ’
1046 3382 1150 3464 ἔσφαξ’
1177 3385 1296 3467 tyrim.

312 3503 351 3563 cf.
378 3505 493 3576 Agam.
521 3504 616 3579 1417,
643 3505 738 3579 1527,
764 3504 848 3564 1554
872 3505 905 3564 et
931 3503 1027 3580 1498,
1056 3503 1150 3562 1508.

310 3616 357 3676 Ne
381 3631 458 3676 vero
482 3615 654 3677 mulierem
675 3601 855 3692 efferatam,
876 3619 913 3676 ut
932 3617 1058 3676 facinus
1077 3616 1196 3691 partim
1217 3615 1265 3675 ira
1284 3614 1402 3689 partim
1428 3628 1538 3674 amore

267 3729 443 3804 instigante
478 3730 659 3790 admissum
695 3730 768 3800 (vid.
804 3731 863 3804 Ag.
899 3731 982 3791 1488
1015 3745 1095 3806 εφη,
1125 3729 1261 3804 Ohoeph.
1295 3728 1538 3802 asamonaei,

267 3859 385 3905 novam
422 3843 526 3903 Furiis
559 3845 757 3918 provinciam
789 3843 910 3918 fingere
941 3846 1144 3920 arbitremur,
1177 3845 1210 3904 et
1240 3842 1335 3903 multi
1360 3841 1414 3900 alii
1437 3840 1539 3901 locis

267 3956 402 4019 canticis
425 3973 484 4018 nos
508 3957 680 4019 admonere
703 3961 839 4033 possunt
859 3962 892 4018 et
910 3959 942 4018 id
962 3960 1045 4032 quod
1066 3973 1106 4019 ex
1120 3957 1318 4019 cassandrae
1331 3955 1539 4018 vaticinantis

267 4087 321 4133 ors
345 4072 495 4132 audimus
519 4073 645 4145 (Agant.
672 4072 785 4142 1103):

577 4181 598 4263 ἢ
622 4184 742 4245 δίκτυον
765 4184 885 4244 τιταίνει

580 4296 677 4376 δάμαρ
701 4295 770 4358 κυσὶ
793 4298 936 4372 ξύνευνος
955 4295 974 4357 ά
997 4297 1132 4371 ξυναιτία

579 4410 692 4485 Atrium

312 4528 373 4590 Sed
396 4528 544 4603 fortasse,
569 4526 598 4586 si
621 4527 787 4602 parodum,
813 4540 894 4600 quae
914 4525 1040 4601 dicitur,
1061 4525 1149 4586 chori
1168 4524 1287 4599 raptim
1308 4523 1536 4598 percurrimus,

267 4642 382 4704 clarior
405 4641 571 4717 apparebit
593 4642 705 4714 poetae
729 4640 844 4714 opinio.
