3536 5068
810 272 850 330 85

436 433 468 506 ὅς
490 429 526 513 γ’,
550 427 573 500 ὦ
596 434 722 510 κάκιστε,
746 442 879 513 σκῆπτρα
903 432 953 494 καὶ
977 433 1109 513 θρόνους
1135 431 1218 511 ἔχων,

435 543 454 605 ἃ
477 555 534 606 νῦν
558 545 574 608 ὃ
599 547 650 620 σὸς
674 549 817 626 ξύναιμος
842 547 873 608 ἒν
900 550 1014 629 Θήβαις
1038 548 1103 627 ἔχει,

435 659 485 720 τὸν
510 661 598 732 αὐτὸς
623 643 716 725 αὑτοῦ
740 660 852 741 πατέρα
875 659 957 723 τόνδ’
984 661 1147 742 ἀπήλασας.

158 752 163 758 ’
235 775 452 835 Nihilominus
483 777 516 834 et
546 777 615 850 ipse
638 775 722 836 filios
746 777 832 836 intra
855 779 971 837 domus
994 779 1134 852 parietes
1158 792 1290 837 manere
1313 777 1462 850 opinatur

189 905 239 948 vs.
265 890 344 949 343:

478 996 536 1060 κατ’
564 995 647 1060 οἷκον
673 1002 864 1080 οἰκουροῦσιν
889 1003 960 1062 ὥστε
980 1001 1138 1081 παρθένοι,
1184 1085 1187 1090 Ι

188 1117 222 1174 et
242 1115 374 1175 Ismena
392 1118 502 1175 narrat
523 1131 578 1176 eos
598 1119 695 1176 antea
714 1132 778 1177 non
795 1132 930 1190 regnum
944 1119 1150 1195 appetivisse,
1163 1119 1220 1178 sed
1232 1133 1316 1178 nunc
1328 1117 1461 1176 demum

188 1229 244 1287 diu
267 1230 339 1302 post
362 1228 519 1303 Oedipum
545 1229 675 1288 exulem
701 1231 824 1290 iactum
846 1232 936 1304 regni
956 1232 1129 1306 cupiditate
1149 1246 1221 1292 esse
1240 1230 1461 1290 inflammatos

186 1343 263 1416 (367
287 1346 385 1416 sodi:

477 1453 547 1535 πρὶν
571 1451 703 1536 μὲνγὰρ
728 1455 830 1529 αὐτοῖς
852 1449 891 1535 ἦν
916 1456 976 1537 ἔρις
1002 1456 1128 1538 Κρέοννί
1149 1480 1178 1518 τε

477 1567 610 1649 θρόνους
634 1567 742 1629 ἐᾶσθαι
764 1567 839 1648 μηδὲ
862 1571 1038 1650 χραίνεσθαι
1061 1573 1158 1649 πόλιν,

476 1803 534 1856 νῦν
558 1793 585 1857 δ’
613 1794 645 1856 εἰι
668 1801 750 1857 θεῶν
773 1819 826 1859 τοο
850 1796 904 1871 κάξ
930 1795 1070 1877 &irruenti
1095 1796 1203 1876 φρενὸς

477 1909 596 1988 εἰσῆλθε
619 1915 682 1969 τοῖν
705 1909 765 1991 τρὶς
790 1908 911 1971 ἀθλίοιν
935 1909 994 1991 ἔρις
1017 1911 1103 1989 κακή,

478 2021 569 2102 ἀρχῆς
591 2021 738 2102 λαβέσθαι
760 2021 810 2084 ιιαὶ
833 2024 959 2103 κράτους
982 2032 1171 2104 τυραννικοῦ.

233 2135 431 2210 Quibuscum
462 2139 619 2213 congruit,
652 2140 734 2212 quod
758 2143 850 2213 pater
871 2139 954 2200 filios
978 2154 1042 2199 non
1065 2154 1137 2199 esse
1161 2139 1360 2211 adversatos,
1385 2149 1458 2207 quo·

188 2249 298 2308 minus
325 2265 345 2308 a
375 2251 501 2311 civibus
530 2252 755 2327 expelleretur,
787 2255 932 2326 queritur
964 2270 1011 2313 vs.
1041 2255 1105 2313 430
1130 2255 1164 2312 et
1186 2253 1250 2311 440
1275 2252 1308 2309 et
1331 2248 1458 2309 Creonti

188 2377 223 2421 se
247 2364 287 2422 ab
311 2378 349 2422 eo
373 2380 390 2423 e
415 2365 548 2426 civitate
572 2381 644 2426 esse
668 2367 808 2427 eiectum
832 2367 941 2427 obiicit
966 2383 1013 2427 ve.
1039 2367 1112 2428 770.

232 2475 397 2536 Nauckius
420 2480 602 2552 postremos
625 2479 712 2540 locos
735 2495 799 2540 non
822 2481 906 2540 iuter
929 2497 963 2540 se
984 2495 1161 2554 repugnare
1180 2479 1275 2552 putat
1293 2477 1349 2535 sed
1370 2474 1459 2534 Oedi-

187 2577 266 2663 puin
297 2606 382 2650 nova
413 2591 553 2652 filiorum
583 2593 751 2667 impietate
786 2594 896 2654 audita
927 2595 974 2653 ita
1007 2592 1189 2667 permoveri
1224 2589 1389 2650 iracundia
1423 2591 1462 2646 ut

189 2705 394 2765 mendacium
418 2706 567 2779 proferat.
593 2707 637 2765 At
659 2722 763 2780 neque
787 2707 926 2782 Oedipus
951 2709 1092 2768 mendax
1116 2706 1248 2780 fingitur
1268 2719 1372 2776 neque
1389 2706 1462 2776 post

189 2832 237 2877 ve.
259 2819 322 2878 427
343 2834 412 2892 sqq.
432 2834 518 2879 nova
529 2818 669 2879 filiorum
682 2822 851 2881 nuntiatur
863 2822 1024 2894 impietas.
1039 2820 1116 2896 Quis
1129 2823 1240 2881 autem
1254 2819 1320 2878 tale
1334 2815 1460 2876 menda-

189 2931 276 2990 cium
296 2936 490 2992 excusatum
510 2933 613 2992 velit?
634 2933 734 2993 Creon
753 2950 811 2994 rex
832 2935 902 3010 fuit,
924 2933 1024 2994 Creon
1037 2935 1071 2993 et
1082 2934 1172 2994 cives
1185 2933 1290 2991 virum
1304 2931 1461 2990 miserum

189 3045 222 3103 in
254 3044 388 3105 exilium
420 3047 590 3120 miserunt,
622 3045 680 3105 filii
712 3048 874 3120 deprecari
905 3050 1035 3106 tantum
1067 3047 1242 3120 potuerunt
1273 3046 1377 3120 cives;
1407 3045 1462 3117 qui

190 3174 265 3240 cum
296 3174 403 3218 rerum
433 3162 540 3219 status
564 3160 690 3234 fuisset,
714 3163 806 3234 pater
830 3162 870 3221 ad
893 3159 997 3220 filiurn
1024 3160 1181 3232 loquitur:
1211 3159 1274 3234 ,Tu
1298 3173 1356 3217 rex
1380 3172 1461 3232 eras,

190 3273 226 3332 tu
257 3273 337 3332 solio
373 3273 545 3346 insidebas
577 3287 639 3345 quo
667 3288 752 3333 nunc
776 3273 875 3333 frater
898 3275 1007 3333 tuus.”
1034 3278 1092 3344 (vs.
1121 3272 1226 3342 1354).
1251 3272 1343 3331 Alter
1365 3272 1464 3331 frater

190 3386 300 3445 autern
333 3387 451 3446 altero·
466 3386 601 3460 expulso
625 3401 710 3445 unus
734 3389 929 3459 potestatem
955 3386 1093 3446 habebat
1117 3401 1192 3445 curn
1217 3385 1300 3458 apud
1324 3384 1464 3456 reliquos

191 3493 364 3573 scriptores
396 3503 468 3559 tum
499 3500 582 3573 apud
614 3499 822 3574 Sophoclem3
855 3501 943 3559 nullo
975 3500 1073 3572 igitur
1104 3500 1199 3558 modo
1231 3498 1384 3572 explicari
1416 3513 1463 3556 ve.

194 3615 288 3689 1354,
322 3615 363 3674 55
394 3615 532 3687 possunt
562 3613 624 3672 nisi
657 3615 733 3674 hoc:
765 3615 921 3688 Oedipum
947 3613 1013 3672 filio
1037 3615 1239 3689 exprobrare,
1263 3613 1345 3685 quod
1371 3618 1466 3670 antea

191 3730 279 3786 omni
311 3728 448 3800 fungens
479 3729 640 3800 potestate
677 3730 774 3799 atque
813 3728 948 3800 imperio
981 3728 1063 3800 patri
1096 3732 1207 3785 auctor
1239 3727 1336 3786 fuerit
1366 3725 1465 3784 exilii.

192 3840 279 3916 Quod
305 3856 380 3900 cum
407 3824 453 3900 vs.
479 3841 544 3899 430
568 3842 600 3898 et
624 3842 688 3900 470
710 3845 743 3899 et
765 3842 828 3898 342
850 3841 1072 3914 comparatum
1096 3841 1160 3900 tale
1181 3841 1232 3900 est
1251 3840 1466 3914 mendacium,

194 3957 229 4012 ut
251 3969 355 4026 neque
379 3953 531 4027 Oedipodi
555 3968 658 4025 neque
684 3955 831 4027 Sophocli
854 3955 1009 4027 imputari
1032 3955 1145 4026 possit.

236 4069 405 4128 Postremo
429 4066 552 4141 laudes,
577 4081 659 4139 quae
684 4067 867 4127 Thebarum
892 4068 1017 4126 civibus
1041 4067 1236 4143 tribuuntur,
1261 4083 1325 4126 non
1346 4067 1378 4126 in
1399 4067 1467 4126 reli·

192 4199 289 4256 quam
323 4182 482 4256 quadrant
513 4180 657 4240 fabulam
690 4185 723 4240 et
753 4182 843 4256 locis,
876 4183 992 4253 quihus
1024 4182 1184 4256 leguntur,
1214 4181 1469 4240 molestissimae

193 4301 279 4357 sunt.
305 4297 380 4356 Veri
411 4296 520 4357 simile
552 4298 603 4355 est
636 4296 836 4370 Sophoclem,
861 4299 898 4354 ut
920 4296 1003 4354 hanc
1028 4296 1169 4355 fabulam
1197 4297 1362 4369 scriberet,
1387 4295 1471 4354 inter

192 4411 257 4470 alia
286 4411 457 4484 impulisse
488 4426 556 4470 rem
591 4411 731 4469 breviter
756 4411 831 4468 ante
856 4409 988 4482 factam,
1015 4425 1097 4484 quae
1121 4409 1215 4468 nobis
1239 4427 1281 4471 ex
1305 4409 1410 4469 Schol.
1435 4410 1475 4467 ad

194 4527 372 4586 Aristidem
395 4542 466 4600 pag.
494 4526 558 4586 284
583 4529 660 4586 nota
685 4526 751 4598 est;
777 4524 1018 4589 commentator
1045 4525 1195 4583 adnotat:
1222 4523 1305 4587 ditor
1332 4520 1361 4580 δέ
1385 4536 1477 4596 φασιν

195 4637 238 4698 ὅτι
268 4641 386 4699 πολλῶν
417 4649 518 4699 κακῶν
550 4638 643 4710 αἴτιος
672 4636 799 4718 γεγονὼς
824 4642 884 4709 τοῖς
911 4637 1071 4714 Θηβαίοις,
1102 4634 1151 4698 διά
1175 4659 1205 4698 τε
1230 4642 1283 4701 τὸν
1307 4633 1400 4712 φόνον
1424 4639 1482 4692 τῶν
