3536 5068
822 303 864 359 49

209 475 312 534 neque
342 461 374 521 id
405 463 533 535 propter
566 462 656 522 Atrei
687 463 744 522 sed
775 466 904 537 propter
935 463 1037 538 ipsius
1062 464 1317 537 Agamemnonis
1341 463 1479 539 culpam.

209 573 392 634 Secundum
417 575 504 634 enim
524 575 678 648 Aeschyli
698 578 895 636 sententiam
916 591 979 636 non
1001 578 1094 652 culpa
1116 579 1275 638 maiorum
1296 579 1481 638 hominibus

209 689 317 760 gravis
348 690 409 763 est,
441 689 497 748 sed
529 689 598 749 suis
629 689 771 763 ipsorum
805 690 937 762 flagitiis
967 693 1050 751 iram
1083 692 1215 751 deorum
1244 693 1387 752 movent.
1412 692 1482 751 Nou

210 816 366 874 magnum
386 817 464 862 6666
483 802 568 862 inter
588 804 760 876 utramque
780 805 978 865 sententiam
998 807 1050 864 est
1069 807 1252 880 discrimen,
1270 821 1345 866 nam
1360 805 1483 878 ilagitia

210 915 422 975 committunt
444 913 504 975 ὑπὸ
528 923 581 975 τοῦ
605 913 765 994 ἀλαστόρος
789 918 932 994 impulsi,
957 921 990 978 66
1013 920 1042 978 si
1063 920 1136 992 quis
1159 919 1407 980 commaculatis
1430 934 1481 993 pa·
1533 986 1536 994 ,

210 1029 355 1088 rentibus
379 1031 566 1103 progenitus
590 1031 649 1104 est,
676 1045 805 1104 semper
826 1031 855 1090 ei
878 1032 1036 1104 impendit
1058 1025 1077 1108 ἡ
1098 1028 1168 1108 ἅπτῃ
1189 1035 1336 1093 attamen
1356 1031 1484 1091 nonnisi

210 1156 266 1215 pro
290 1157 350 1202 suo
369 1144 504 1216 quisque
525 1144 645 1204 sceiere
666 1145 807 1217 punitur.
829 1145 866 1203 In
887 1144 1005 1220 fabula,
1027 1148 1064 1204 ut
1084 1145 1167 1205 hanc
1187 1146 1332 1220 afferam,
1353 1145 1484 1218 Septem

142 1237 145 1243 ’
212 1256 283 1316 adv.
320 1257 417 1318 Theb.
450 1273 498 1318 vs.
530 1259 706 1318 cra-720
738 1259 840 1332 patris
871 1259 1051 1318 oxsecratto
1083 1259 1280 1333 Polynicem,
1312 1258 1485 1330 quominus

211 1369 384 1442 prudenter
415 1373 500 1446 agat,
532 1371 666 1445 impedit
696 1373 772 1442 (696
805 1375 903 1446 sqq.);
937 1373 984 1432 ita
1015 1374 1125 1432 autem
1159 1375 1349 1433 occaecatus
1381 1386 1484 1444 neque

211 1483 339 1554 generis
370 1484 438 1543 Laii
468 1484 610 1544 salutem
643 1486 735 1544 curat
765 1485 840 1555 (689
873 1488 965 1558 sqq),
997 1501 1101 1558 neque
1134 1486 1243 1545 fratris
1270 1485 1427 1558 sanguine
1451 1499 1486 1543 66

211 1597 450 1657 commaculare
474 1597 569 1657 habet
593 1597 739 1670 religioni
764 1598 839 1668 (683
863 1601 962 1673 sqq.);
988 1601 1180 1674 quapropter
1204 1599 1320 1659 occidit
1343 1599 1440 1668 (816).

255 1708 325 1770 Non
350 1725 460 1770 meum
481 1714 531 1770 est
550 1711 712 1785 indagare,
733 1713 894 1783 quatenus
914 1713 1096 1785 Aeschylus
1117 1713 1288 1773 Furiarum
1309 1711 1486 1782 imaginem

212 1822 341 1883 aliunde
371 1825 532 1900 petiverit,
564 1825 640 1898 quid
672 1825 710 1884 de
742 1841 803 1885 suo
834 1825 1008 1900 addiderit;
1042 1829 1152 1886 utrum
1184 1827 1250 1884 iam
1284 1825 1487 1886 Stesichorus

213 1936 325 1996 eodem
354 1921 449 1997 modo
472 1953 528 1998 eas
552 1939 757 2025 descripserit
780 1953 898 2012 necne;
924 1940 981 1998 sed
1005 1955 1118 1998 earum
1142 1941 1250 2010 imago
1274 1954 1293 1998 a
1317 1941 1486 2013 poetarum

212 2049 408 2122 tragicorum
439 2052 581 2126 principe
612 2052 738 2125 depicta
768 2051 873 2125 qualis
905 2052 949 2111 sit
979 2053 1160 2126 ostendere,
1193 2052 1225 2111 id
1257 2052 1341 2111 haud
1372 2053 1487 2112 inutile

214 2163 296 2222 mihi
320 2165 456 2225 videtur.

258 2618 391 2693 Semper
421 2620 505 2693 apud
536 2619 736 2692 Aeschylum
767 2619 882 2679 Furiae
914 2634 1009 2679 verae
1033 2621 1111 2678 sunt
1132 2619 1220 2692 deae,
1245 2632 1327 2690 quae
1351 2617 1420 2676 suis
1443 2618 1485 2692 ip·

212 2746 321 2792 sarum
357 2733 490 2792 auribus
521 2733 686 2807 oculisque
716 2748 795 2792 usae
826 2733 994 2792 hominurn
1026 2732 1276 2806 imprecationes
1306 2731 1488 2805 percipiunt

211 2844 435 2918 scelerumque
466 2847 615 2905 auctores
647 2845 864 2920 ulciscuntur;
889 2861 1018 2919 semper
1042 2846 1120 2905 deae
1147 2848 1224 2904 suut
1247 2845 1432 2904 animantes
1455 2846 1488 2903 et

211 2957 346 3018 rationis
369 2961 545 3034 compotes
569 2974 632 3019 nou
656 2959 789 3019 nomina
811 2959 922 3020 inania
945 2961 984 3019 ad
1008 2960 1097 3032 ipsas
1117 2959 1366 3033 imprecationes
1386 2957 1486 3030 desig·

213 3072 337 3131 666666
361 3088 381 3132 6
403 3073 499 3146 poeta
522 3072 676 3132 adhibita.

255 3185 348 3258 Apud
379 3185 500 3245 interos
530 3186 696 3260 habitant;
726 3187 920 3260 quapropter
942 3186 1065 3245 nullius
1088 3185 1322 3260 exsecratione,
1347 3183 1409 3243 nisi
1434 3183 1488 3256 qui

211 3300 350 3358 moriem
371 3299 438 3358 iam
459 3300 661 3374 oppetiverit,
682 3302 873 3374 moventur;
895 3312 1052 3371 magnum
1073 3302 1184 3358 autem
1205 3297 1333 3371 aliquod
1346 3295 1488 3356 officium

213 3411 347 3472 violavit
370 3427 571 3485 magnaeque
594 3412 774 3486 impietatis
799 3413 906 3474 affinis
930 3413 1044 3487 estis,
1068 3427 1166 3484 quem
1190 3413 1436 3486 persequuntur.

256 3524 434 3601 Postremo,
458 3541 659 3600 quamquam
679 3526 849 3586 hominum
877 3528 1039 3600 deumque
1059 3525 1144 3600 patri
1164 3525 1274 3586 omnia
1296 3525 1489 3598 gubernanti

210 3671 253 3680 -
284 3637 313 3696 τί
341 3635 396 3717 γὰρ
428 3639 545 3716 βροτοῖς
577 3636 649 3699 deved
682 3637 755 3710 Διὸς
785 3644 905 3699 τελεῖται
936 3641 1006 3713 (Ag.
1041 3637 1157 3715 1488J;
1184 3672 1223 3682 -
1249 3639 1348 3698 etiam
1373 3637 1489 3697 Furiae

209 3752 392 3829 oboediunt,
421 3755 533 3812 tamen
556 3769 620 3812 non
644 3770 720 3814 cum
744 3754 794 3813 dis
818 3755 944 3827 superis
968 3752 1159 3814 coniunctae
1185 3751 1235 3811 vel
1260 3766 1370 3812 eorum
1396 3752 1488 3825 nutu,

209 3867 266 3926 sed
305 3867 344 3926 ad
383 3866 554 3927 arbitrium
592 3881 690 3927 suum
722 3882 843 3940 poenas
875 3869 1011 3941 exigunt
1040 3869 1073 3927 et
1107 3863 1319 3944 αὐτοκράτορες
1354 3879 1489 3924 munere

208 3981 402 4054 funguntur;
437 3981 541 4040 immo
576 3993 653 4039 vero
687 3980 814 4053 superis
845 3980 975 4053 ignotae
1007 3983 1086 4039 sunt
1118 3980 1160 4054 et,
1192 3980 1228 4036 ut
1255 3978 1303 4037 illi
1334 3977 1487 4052 puniendi

209 4111 342 4156 munere
366 4095 493 4170 vacent,
516 4095 717 4169 provinciam
741 4097 909 4170 acceptam
933 4095 1055 4154 babent
1078 4094 1203 4168 Furiae,

479 4205 598 4278 Νυκτὸς
621 4203 747 4266 τταλαιαλ
771 4207 885 4284 παῖδες,
906 4200 953 4278 αἷς
976 4205 1013 4267 oc'r
1038 4205 1177 4286 μίγνυται

479 4325 561 4380 θεῶν
583 4343 625 4392 τις
648 4316 717 4380 οὐδ’
744 4315 906 4400 ἅνθρωπος
930 4314 1002 4378 οὐδὲ
1025 4318 1088 4398 θήρ
1112 4339 1190 4379 ποτε.

253 4434 346 4496 lium.
372 4435 414 4495 69
439 4434 479 4495 ci.
503 4434 596 4494 Fum.
621 4436 697 4511 350,
724 4435 799 4512 389,
825 4435 888 4494 414
913 4436 946 4495 66
969 4434 1065 4493 lium.
1092 4433 1173 4493 361:

925 4544 1095 4621 σπεύδομεν

498 4665 580 4720 θεῶν
604 4657 735 4720 ἀτέλειαν
760 4658 858 4737 ἐμαῖσι
880 4664 973 4732 λιταῖς
997 4655 1188 4738 ἐπικραίνειν.
