3536 5068
831 252 873 310 69

572 410 695 489 βεβᾶσιν
718 407 783 490 ἄρτι
807 409 950 488 δωμάτων
974 407 1131 490 ὑπόστεγοι

571 524 747 604 μετάδρομοι
770 533 871 584 κακῶν
894 523 1152 604 πανουργημάτων

570 634 699 714 ἄφυκτοι
722 639 818 711 κύνες.

260 749 430 809 Domum
455 751 676 813 intrarunt
699 768 835 828 canes,
861 753 1134 826 flagitiorum
1163 752 1347 826 ultores,
1383 769 1486 826 quos

214 876 333 923 nemo
357 864 497 924 vitare
519 867 666 940 potest
690 867 756 927 vel
780 866 987 940 effugere.

258 976 299 1036 Et
321 977 373 1039 bic
396 979 429 1038 et
451 978 518 1039 illic
540 979 682 1053 imagine
705 980 809 1041 utitur
832 982 944 1056 poeta;
976 980 1041 1040 illio
1065 995 1141 1040 oum
1170 979 1275 1039 Furiis
1298 979 1361 1039 duo
1385 981 1484 1041 homi·

214 1105 272 1151 nes
306 1094 545 1168 comparantur,
577 1093 629 1154 bic
660 1093 756 1170 Mars,
788 1094 975 1169 Mercurius,
1000 1093 1114 1154 Furiae
1139 1093 1179 1153 ad
1202 1093 1336 1154 domum
1359 1095 1484 1166 regiam

215 1205 365 1266 accedere
399 1204 575 1280 finguntur.
607 1206 678 1267 Non
707 1208 805 1280 igitur
836 1209 941 1284 poeta,
966 1208 1020 1281 qui
1043 1209 1123 1267 haec
1147 1206 1285 1283 scripsit,
1309 1207 1387 1268 deas
1411 1223 1485 1268 esso

215 1317 359 1379 crederet
387 1334 523 1380 necesse
557 1323 637 1396 erat,
670 1321 727 1381 sed
758 1322 839 1382 nihil
863 1322 981 1396 obstat,
1006 1321 1180 1393 quominus
1204 1321 1391 1380 statuamus
1413 1326 1483 1395 poe·

214 1433 284 1492 tam
318 1433 461 1506 antiquis
491 1434 676 1494 notionibus
705 1436 870 1496 recentem
902 1433 1170 1508 significationem
1202 1433 1354 1493 tribuisse
1380 1448 1484 1506 neque

214 1544 321 1619 ipsum
345 1546 387 1607 iis
408 1545 506 1607 fidem
530 1547 704 1607 habentem
727 1562 831 1620 neque
855 1549 1054 1622 spectatores
1077 1547 1194 1607 habore
1218 1544 1403 1618 fingentem.

258 1658 409 1720 Fortasse
444 1660 663 1736 interpellabit
695 1661 875 1735 quispiam:
914 1661 1022 1736 ,Tune
1055 1662 1185 1734 poetam
1220 1659 1259 1719 de
1294 1659 1366 1734 dile,
1401 1675 1483 1733 quae

214 1773 393 1833 secundum
427 1773 531 1848 ipsius
565 1773 763 1834 sententiam
793 1789 858 1834 non
888 1773 964 1847 sint,
991 1772 1079 1846 loqui
1101 1771 1230 1832 credis?
1253 1771 1343 1832 Tune
1367 1773 1483 1848 Sopho·

214 1885 298 1947 clem
333 1887 431 1948 aliam
467 1888 535 1948 vim
567 1886 684 1962 verbis,
711 1902 810 1960 quam
833 1886 984 1962 habeant,
1008 1886 1149 1946 tribuere
1171 1884 1370 1945 insimulas?
1393 1887 1482 1948 Tune

213 2003 343 2074 poetam
376 2017 441 2062 non
471 2002 540 2062 veri
570 2017 643 2063 esso
674 2003 843 2062 amantem
869 2001 1005 2075 arguis?
1019 2001 1081 2044 -”
1105 2000 1192 2060 Nihil
1214 1999 1378 2076 insimulo,
1402 2001 1482 2061 nihil

213 2127 312 2186 arguo
346 2129 450 2188 nequo
479 2117 576 2191 pocta
606 2130 681 2176 mea
710 2115 869 2190 opinione,
897 2115 935 2190 si,
960 2115 1044 2187 quod
1067 2114 1145 2190 dixi,
1170 2127 1284 2174 verum
1310 2114 1363 2190 sit,
1387 2128 1483 2174 secus

212 2225 326 2287 fecerit
347 2242 386 2288 ac
408 2243 468 2289 nos
491 2231 524 2289 ot
546 2244 661 2289 omnes
684 2243 814 2303 semper
836 2228 941 2290 facere
961 2227 1077 2289 solent.

257 2339 340 2400 Nam
360 2355 527 2415 nunquam
552 2343 722 2403 verborum
748 2345 814 2403 stat
834 2343 937 2402 honos
957 2344 991 2401 et
1009 2341 1115 2416 gratia
1127 2321 1242 2416 v'ivax;
1264 2339 1379 2415 multa,
1400 2355 1483 2413 quae

212 2469 298 2514 nunc
321 2457 398 2515 sunt
427 2456 461 2515 in
491 2455 611 2516 honoro
634 2456 800 2532 vocabula,
826 2471 897 2516 cras
921 2454 1066 2516 obsoleta
1089 2456 1193 2529 erunt,
1219 2455 1399 2514 multorum
1422 2454 1481 2527 sig·

212 2566 354 2629 nificatio
388 2571 545 2645 mutatur,
580 2584 643 2630 non
680 2584 784 2644 pauca
817 2571 894 2629 sunt
929 2568 1037 2643 verba,
1073 2582 1155 2641 quae
1186 2567 1272 2628 aliud
1303 2566 1359 2627 alii
1382 2568 1483 2627 aetati

213 2682 382 2742 hominum
418 2683 559 2744 indicare
594 2684 753 2745 videntur.
791 2682 963 2759 Sophocles
997 2684 1030 2743 et
1060 2681 1242 2755 Aeschylus
1274 2696 1337 2742 non
1366 2696 1483 2754 magno

212 2795 342 2868 quidem
367 2797 486 2856 aetatis
509 2798 614 2872 spatio
637 2797 722 2857 inter
741 2813 777 2858 se
797 2797 929 2871 distant,
950 2795 1060 2855 sedin
1083 2811 1120 2855 eo
1135 2795 1285 2855 vixerunt
1297 2795 1438 2870 saeculo,
1451 2795 1484 2854 in

211 2924 274 2983 quo
305 2911 441 2984 singulis
473 2912 567 2972 annis
597 2912 689 2986 plura
713 2912 934 2985 mutabantur,
959 2923 1058 2982 quam
1082 2911 1180 2969 antea
1202 2922 1259 2982 per
1281 2909 1351 2969 tota
1374 2908 1483 2968 decen·

211 3025 266 3083 nia
292 3019 322 3095 ¹).
357 3025 481 3099 Religio
514 3027 657 3102 antiqua,
689 3041 771 3098 quae
802 3025 894 3085 initio
922 3023 1045 3084 saeculi
1068 3023 1213 3097 florebat,
1238 3023 1277 3082 de
1301 3036 1365 3094 qua
1386 3035 1484 3081 nemo

210 3137 387 3216 dubitabat,
423 3142 496 3213 post
530 3141 651 3214 bellum
688 3139 996 3214 Peloponnesiacum
1032 3152 1105 3197 cum
1143 3136 1226 3211 apud
1260 3133 1378 3208 vulgus
1411 3135 1483 3194 tum

211 3253 295 3327 apud
313 3255 426 3328 poetas
447 3256 479 3314 et
499 3254 705 3328 philosophos
723 3255 831 3314 'multo
851 3253 987 3313 minoris
999 3250 1106 3312 fiebat.
1128 3249 1348 3324 Temporibus,
1368 3249 1485 3321 ouibus

209 3365 318 3441 populi
352 3382 466 3428 omnes
496 3369 663 3444 opiniones
698 3370 731 3429 et
760 3368 910 3428 notiones
941 3365 979 3426 de
1014 3364 1075 3424 diis
1106 3367 1208 3437 doque
1239 3364 1308 3423 tota
1331 3362 1485 3436 religione

210 3481 389 3555 mutantur,
420 3479 577 3543 vocabula
609 3482 648 3542 ad
672 3483 808 3542 numina
834 3479 1029 3555 pertinentia
1056 3479 1154 3538 breve
1177 3477 1251 3551 post
1274 3475 1484 3536 intervallum

210 3593 272 3653 alio
304 3593 447 3654 adhiberi
470 3611 568 3656 sensu
600 3610 663 3656 non
688 3598 738 3656 est
762 3595 958 3669 mirandum,
983 3595 1016 3653 et
1039 3607 1168 3665 semper
1191 3593 1314 3666 poetae,
1340 3590 1395 3663 qui
1418 3603 1484 3648 nra-

209 3709 259 3781 gis
292 3723 426 3782 operum
458 3726 592 3771 suorum
616 3711 856 3786 pulchritudini,
882 3725 981 3782 quam
1005 3706 1179 3768 subtilitati
1204 3708 1237 3765 et
1260 3702 1486 3778 perspicuitati

209 3823 386 3899 studerent,
421 3823 573 3896 antiquas
608 3825 854 3885 informationes
890 3824 922 3883 in
957 3821 1155 3895 imaginibus
1189 3820 1397 3892 usurparunt.
1434 3814 1487 3875 Sic

210 3936 293 4011 apud
324 3940 436 4011 poetas
466 3940 596 4000 nostros
628 3938 784 4010 legimus:
820 3952 899 4012 ,aab
923 3936 1070 3996 Bacchus
1093 3933 1246 4007 offeren”,
1274 3931 1348 4006 ,der
1371 3930 1488 3990 liuzen

208 4049 398 4126 bezieling”,
453 4050 765 4127 ,sirenengezang”,
820 4051 968 4125 ,Amor's
1018 4048 1147 4123 p'p'len”,
1203 4045 1254 4120 ,in
1303 4043 1487 4119 Morpheus’

209 4163 342 4222 armen”
374 4162 544 4236 multaque
577 4164 747 4239 eiusmodi,
780 4163 856 4223 licet
884 4177 939 4222 cos
967 4162 1044 4222 deos
1068 4174 1181 4221 revera
1204 4172 1276 4218 esse
1300 4172 1396 4218 nemo
1421 4155 1491 4216 aiat

209 4276 369 4336 credatve.

242 4554 262 4620 ¹)
280 4560 343 4615 „Ein
362 4559 466 4621 Procas,
484 4560 530 4607 der
548 4560 679 4607 anderswo
698 4561 890 4609 Jahrhunderte
909 4560 1043 4616 brauchte,
1061 4559 1096 4608 ist
1112 4563 1170 4610 hier
1187 4559 1212 4604 in
1226 4558 1323 4616 uenlge
1338 4552 1492 4602 Menschen-

208 4637 272 4684 alter
289 4639 591 4700 zusammengedrtngt”.
612 4639 660 4686 Ed.
677 4640 760 4686 Zeller
778 4641 825 4688 Die
843 4638 1010 4698 Philosophia
1028 4637 1074 4685 der
1093 4637 1223 4690 Gricchen
1239 4635 1274 4696 11,
1294 4639 1316 4695 l,
1334 4647 1393 4695 pag.
1413 4633 1437 4679 l.
