3536 5068
883 247 923 309 76

264 415 334 473 arte
365 427 439 472 cum
471 428 581 473 eorum
613 413 751 473 fortunIs
782 413 952 472 cohaerere
976 411 1085 471 crebro
1109 409 1277 484 audimus;
1303 407 1433 482 saepius
1455 422 1534 467 sane

262 528 301 588 de
322 526 435 587 Oreste
457 527 490 586 id
513 526 700 587 tradebatur
723 526 797 598 (vid.
825 526 910 585 inter
940 524 1022 585 alios
1045 523 1241 584 Pausaniam
1265 523 1299 582 et
1321 521 1533 596 Strabonem),

262 641 320 699 sed
350 639 490 714 Oedipus
520 654 645 713 quoque
665 640 698 700 in
722 639 864 714 Boeotia,
894 638 1038 713 Spartae,
1062 637 1200 698 Athenis
1224 651 1298 697 cum
1322 635 1434 695 inferis
1457 650 1533 694 non·

261 767 428 826 nunquam
459 753 703 814 consectabatur
734 753 849 823 (Schol.
881 752 921 813 ad
954 751 1028 812 Oed.
1062 749 1127 810 Ool.
1160 751 1212 824 91,
1237 749 1353 809 Herod.
1379 748 1433 823 IV,
1460 749 1533 824 149,

262 865 358 926 Paus.
381 865 439 942 IX,
463 867 493 942 5,
521 866 571 942 15,
596 866 692 926 Paus.
716 866 741 941 I,
767 865 917 941 XXVIII,
944 866 982 936 7).

306 979 356 1039 le
385 979 474 1040 nisce
503 979 622 1040 fabulis
651 979 841 1054 Sophoclem
872 994 972 1040 unam
1004 977 1353 1052 elegisse‚'secundum
1378 991 1477 1050 quam
1500 977 1534 1036 in

262 1093 343 1154 colle
376 1091 492 1153 Oolono
520 1093 660 1167 Oedipus
691 1093 777 1152 diem
805 1093 938 1153 obiisset
968 1106 1169 1166 supremum,
1194 1089 1390 1151 confidenter
1413 1090 1532 1150 statuo.

261 1206 345 1268 Nam
376 1206 480 1282 poeta,
513 1207 565 1266 cui
587 1206 687 1282 locus,
712 1207 767 1266 ubi
790 1208 887 1267 natus
910 1208 961 1266 est
985 1207 1019 1266 et
1041 1220 1120 1279 puer
1144 1204 1236 1279 vixit,
1261 1218 1359 1276 quem
1382 1203 1534 1264 omnibus

262 1320 497 1394 spectatoribus
520 1319 582 1379 solt
605 1319 815 1379 notissimum
840 1335 922 1395 esse,
947 1319 1177 1393 argumentum
1202 1317 1344 1392 praebet,
1365 1331 1429 1377 non
1448 1330 1534 1377 nova

261 1433 392 1508 fingere,
427 1434 484 1493 sed
515 1435 592 1492 nota
622 1414 798 1494 retractare
829 1433 928 1509 solet;
960 1433 1000 1494 de
1030 1434 1117 1493 terra
1149 1431 1258 1492 minus
1289 1431 1417 1504 cognita
1448 1446 1533 1491 nova

262 1547 464 1608 comminisci
493 1548 611 1622 potest,
643 1547 676 1607 in
706 1547 812 1621 patria
844 1561 914 1623 sua,
945 1547 1008 1607 nisi
1036 1547 1235 1620 spectatores
1259 1546 1418 1607 offendere
1442 1546 1532 1623 veIIt,

262 1675 344 1733 quae
366 1660 508 1720 maiores
529 1658 741 1735 tradiderunt,
766 1660 795 1720 ei
818 1660 982 1732 sequenda
1005 1660 1092 1719 sunt.

307 1773 496 1848 Sophoclem
530 1773 629 1846 Igitur
659 1774 692 1833 in
723 1773 882 1848 Oedipode
914 1772 1050 1834 Ooloneo
1082 1773 1121 1834 ab
1153 1773 1293 1833 Homero
1316 1775 1349 1834 et
1371 1773 1533 1849 Aeschylo

262 1888 481 1948 dIscedentem
512 1887 715 1961 popularium
746 1887 870 1948 famam
903 1887 964 1947 sibi
994 1888 1075 1947 bene
1099 1887 1262 1960 cognitam
1286 1887 1437 1947 secutum
1460 1903 1533 1949 esse

262 2003 464 2061 statuamusl
489 2001 559 2060 Non
582 2000 651 2074 ipse
675 2000 773 2075 elegit
796 2001 883 2076 deas,
905 2016 987 2074 quae
1012 2000 1179 2075 Oedeum,
1205 2000 1242 2058 ut
1267 2001 1363 2060 antea
1386 2001 1532 2061 vexaris-

262 2115 345 2190 sent,
378 2115 425 2175 ita
451 2129 537 2174 nunc
560 2115 601 2175 ad
623 2114 757 2174 beatum
781 2115 867 2174 vitae
895 2113 994 2174 finem
1015 2113 1186 2188 ducerent;
1211 2113 1316 2173 Furiis
1339 2129 1443 2186 neque
1467 2115 1533 2175 vivi

263 2227 432 2302 OedipodIs
463 2230 586 2288 sortem
616 2243 720 2301 neque
752 2228 871 2288 mortui
901 2227 1025 2288 famam
1055 2226 1214 2300 permisit.
1247 2225 1309 2288 Sed
1338 2227 1534 2288 Eumenides

261 2341 355 2416 istae,
379 2355 461 2414 quae
483 2341 517 2400 in
539 2341 705 2414 tragoedia
724 2343 836 2402 nostra
856 2340 1069 2416 celebrantur,
1089 2341 1168 2400 deae
1189 2341 1275 2416 sunt,
1296 2355 1377 2416 quas
1395 2341 1533 2416 populus

262 2453 471 2514 Atheniensis
502 2453 637 2530 colebat,
670 2469 750 2527 quas
782 2469 855 2514 eam
887 2454 926 2514 ob
954 2468 1087 2514 causam
1112 2453 1285 2528 Sophocles
1308 2469 1435 2528 quoque
1458 2455 1535 2516 colit

262 2569 297 2628 et
326 2567 423 2628 habet
454 2567 541 2644 dena,
565 2583 669 2640 neque
692 2569 804 2628 tamen
827 2569 860 2627 in
883 2568 1010 2642 propria
1034 2583 1094 2628 sua
1117 2570 1228 2628 mente
1251 2567 1394 2628 multum
1417 2569 1458 2628 iis
1481 2569 1533 2629 tri·

261 2683 364 2744 buens
386 2697 490 2756 neque
513 2684 611 2743 sorIIs
634 2685 668 2744 et
691 2685 838 2744 fortunae
858 2684 1027 2758 Oedipodis
1048 2684 1187 2743 arbItras
1206 2698 1263 2744 eas
1282 2682 1417 2757 fingens.
1438 2683 1532 2744 Tales

259 2812 315 2872 per
337 2798 442 2857 totam
469 2797 613 2857 fabulam
645 2799 723 2858 deae
755 2798 988 2873 describuntur,
1021 2797 1133 2870 quales
1158 2813 1215 2858 eas
1238 2799 1374 2871 quisque
1398 2798 1533 2858 noverat

258 2911 477 2986 Atheniensis,
510 2911 645 2984 quisque
679 2911 788 2971 Coloni
818 2911 933 2972 incola.
967 2910 1080 2971 Oertae
1111 2910 1152 2971 ils
1177 2912 1336 2972 voventur
1361 2912 1531 2972 libationes

260 3029 318 3096 (va.
352 3025 416 3084 469
448 3027 539 3100 sqq.),
572 3039 685 3084 earum
715 3024 847 3084 delubra
876 3023 1005 3084 silentio
1031 3026 1249 3100 praetereunt,
1273 3040 1385 3085 earum
1413 3040 1532 3086 nomen

259 3153 514 3200 commemorare
546 3139 698 3198 verentur
729 3137 894 3212 homines;
927 3140 961 3197 at
990 3136 1108 3215 Σεμναί
1139 3137 1289 3198 dlcuntur
1312 3139 1365 3198 vel
1388 3138 1532 3217 δημοῦχοι

257 3250 331 3311 θεαί
360 3255 419 3322 (vs.
451 3251 537 3325 ibat,
569 3266 732 3324 nusquam
763 3248 978 3329 decantaremus,
1009 3248 1238 3329 ὑστεροφθόροι,
1269 3251 1424 3329 ποδώκεις,
1446 3251 1531 3312 τανύ-

259 3363 358 3440 ποδες,
388 3361 577 3442 χαλκόποόες,
605 3363 758 3443 δρομάδες.
789 3365 860 3424 Non
891 3365 1031 3438 legimus
1063 3365 1219 3440 Oedipum
1251 3367 1368 3426 artiore
1405 3367 1532 3427 vinculo

259 3494 357 3552 quam
389 3479 470 3539 allos
502 3479 651 3539 homines
675 3494 750 3539 cum
782 3478 823 3538 iis
846 3494 918 3538 esse
943 3478 1161 3554 coniunctum,
1186 3482 1372 3552 quietemve
1396 3481 1435 3540 ab
1459 3482 1532 3541 aliis

258 3594 446 3654 numinibus
468 3594 644 3669 impetrare
663 3608 727 3653 non
747 3609 852 3669 posse,
875 3594 931 3653 sed
952 3609 971 3652 a
990 3593 1051 3653 dits
1072 3596 1105 3653 et
1124 3593 1192 3654 fato
1211 3609 1284 3654 esse
1305 3595 1531 3671 constitutum,

258 3710 295 3767 ut
319 3708 419 3768 miser
438 3723 497 3768 rex
516 3708 720 3781 grandaevus
739 3708 773 3767 in
793 3707 963 3766 Funerum
984 3707 1056 3767 luco
1076 3707 1192 3767 mortis
1211 3707 1365 3769 beneficio
1381 3710 1532 3770 omnibus

259 3821 345 3881 vitae
380 3821 466 3881 curis
500 3823 533 3881 et
567 3807 839 3881 sollicitudinibus
872 3820 1073 3880 liberaretur.
1108 3821 1222 3893 Itaque
1254 3821 1426 3896 Sophocles
1457 3839 1532 3883 curn

259 3935 429 3995 Furiarum
452 3934 563 3995 lucum
587 3935 750 3994 memorat
772 3936 805 3994 et
828 3933 985 4007 Oedipum
1010 3949 1047 3993 eo
1067 3933 1245 3994 intrantem
1266 3935 1353 4010 fault,
1374 3937 1448 3996 inde
1468 3951 1532 3996 non

258 4050 404 4123 sequitur
438 4064 512 4109 eum
549 4049 685 4108 eandem
717 4048 822 4108 Furiis
852 4047 886 4106 in
921 4047 989 4106 suis
1021 4046 1139 4106 fabuhs
1171 4048 1298 4108 dedisse
1333 4049 1532 4122 provinciam

257 4180 356 4238 quam
377 4163 587 4238 Aeschylum,
608 4177 711 4235 neque
732 4161 868 4222 eandem
888 4175 1002 4221 earum
1022 4161 1055 4221 ln
1072 4176 1125 4222 res
1141 4162 1311 4237 Oedeodls
1324 4162 1386 4222 sibi
1398 4161 1532 4223 fiansse

257 4279 465 4354 potestatem,
491 4292 590 4351 quam
614 4277 655 4336 iis
678 4276 870 4336 tribuissent
893 4275 1033 4336 maiores
1056 4277 1304 4354 μυθολογοῦντες.

301 4393 475 4467 Perperam
507 4391 592 4452 credi
625 4390 782 4464 Oedipum
808 4405 856 4450 vs.
882 4391 946 4451 465
971 4404 1039 4462 sqq.
1065 4390 1273 4450 libationibus
1298 4390 1425 4465 placare
1449 4391 1532 4451 iram

257 4507 427 4568 Furiarum
460 4507 499 4567 ob
531 4507 609 4566 olim
642 4507 819 4566 commissa
849 4505 973 4578 flagilia
997 4507 1150 4580 excitam,
1175 4508 1288 4579 postea
1310 4505 1533 4565 demonstrare

258 4621 404 4696 conabor,
430 4635 505 4681 cum
530 4620 591 4679 viri
614 4620 795 4681 doctissimi
817 4621 856 4679 A.
882 4618 990 4680 Schbll
1015 4620 1053 4680 de
1073 4621 1185 4679 nostra
1205 4618 1314 4679 fabula
1334 4617 1531 4678 sententIam
