3536 5068
852 244 893 302 93

236 405 264 463 si
287 405 389 464 iratae
413 405 532 479 essent,
557 419 621 464 non
644 407 714 463 tam
738 403 831 464 facile
855 405 1091 478 mitigarentur,
1113 420 1176 464 non
1195 404 1297 465 filiam
1318 407 1375 466 sed
1394 421 1508 466 senem

235 519 342 592 ipsum
375 519 452 578 deas
482 518 605 591 precari
637 517 814 594 oportebat,
847 533 911 578 non
935 533 1037 591 pauca
1063 520 1162 600 verba
1184 523 1281 592 atque
1306 519 1510 592 aliquantum

193 667 195 672 -
237 631 343 690 mellis
375 635 408 693 et
438 646 540 703 aquae
564 631 768 705 sufficerent;
793 632 863 692 iure
887 647 946 692 suo
971 631 1131 692 Sebollius
1155 634 1214 692 hoc
1238 648 1302 693 non
1326 634 1398 694 sani
1421 634 1510 694 ducit

234 747 363 820 poetae:
398 746 515 819 virum,
548 746 603 819 qui
629 760 749 819 magna
772 745 944 806 admiserit
967 744 1137 821 maleficia,
1163 747 1334 807 momento
1352 747 1509 821 temporis

234 859 303 918 sine
333 859 399 920 ullo
433 860 551 936 labore,
583 857 753 936 industria,
787 861 935 935 impensa
965 860 1094 920 liberari
1126 861 1273 921 maculis.
1306 861 1351 920 At
1381 861 1413 920 id
1445 876 1509 921 non

234 973 314 1048 eius,
346 974 401 1045 qul
429 975 488 1034 hos
513 990 628 1034 versus
656 975 796 1049 scripsit,
821 975 878 1034 sed
903 974 983 1049 eius,
1008 973 1062 1047 qui
1087 989 1201 1033 versus
1226 974 1312 1035 male
1335 974 1507 1050 intellexit,

234 1086 350 1146 vitium
383 1090 450 1163 est;
482 1104 546 1149 non
578 1087 751 1162 Sophocles
782 1087 835 1147 vel
867 1102 966 1162 nepos
997 1087 1128 1162 erravit,
1159 1088 1217 1147 sed
1250 1087 1408 1148 Schbllius
1432 1102 1507 1147 cum

233 1199 423 1262 Scholiasta.

276 1314 383 1374 Tertio
419 1314 564 1375 Theseus
596 1316 634 1375 de
655 1315 863 1375 libationibus
890 1315 970 1374 nibil
1001 1316 1095 1388 rogat
1118 1316 1261 1390 curatve,
1286 1315 1342 1375 sed
1365 1317 1506 1374 tantum·

231 1428 326 1487 modo
361 1428 448 1487 obori
479 1444 585 1504 senes,
616 1429 670 1500 qui
703 1428 861 1502 Oedipum
892 1427 991 1488 altius
1014 1430 1202 1502 penetrasse
1226 1429 1386 1503 viderunt,
1411 1430 1506 1489 caeri-

230 1539 339 1600 monia
364 1556 444 1616 opus
468 1557 540 1602 esse
566 1541 773 1601 arbitrantur.

275 1653 393 1729 Quarto
425 1655 463 1714 de
488 1655 657 1730 Oedipodis
683 1657 787 1729 priore
811 1656 879 1715 vita
902 1656 962 1716 hoc
986 1655 1056 1716 loco
1080 1670 1120 1714 ne
1146 1655 1280 1714 verbum
1305 1655 1434 1728 quidem
1459 1655 1505 1716 fit.

229 1765 371 1840 Quorum
395 1769 568 1829 numinum
594 1769 735 1843 Oedipus
758 1766 918 1846 καθαρμὸν
941 1765 1055 1827 θέσθαι
1078 1767 1232 1828 iubetur?
1258 1803 1298 1810 -
1323 1768 1436 1828 τούτων
1459 1763 1503 1844 ἐφ’

228 1874 263 1949 ἃς
294 1877 326 1939 τὸ
356 1888 473 1958 πρῶτον
506 1880 582 1940 ἵκετο
614 1878 664 1939 καὶ
699 1878 868 1956 κατέστειψε
887 1877 988 1940 πέδον.
1015 1880 1117 1941 Valde
1141 1881 1314 1941 dolendum
1339 1884 1398 1957 est,
1423 1885 1506 1956 quod

228 2008 342 2053 versus
373 1995 481 2054 exitus
514 1997 682 2069 corruptus
716 1995 853 2071 videtur,
887 1995 934 2054 ita
961 1996 998 2054 ut
1021 1993 1153 2053 firmum
1178 1998 1409 2068 argumentum
1433 1996 1506 2055 inde

226 2107 298 2166 duci
332 2122 395 2166 non
427 2107 539 2183 liceat;
573 2110 629 2169 sed
662 2109 691 2168 si
726 2108 802 2183 quid
833 2108 905 2168 elici
939 2109 1056 2183 potest,
1089 2107 1121 2167 id
1153 2111 1240 2167 certe
1271 2110 1331 2168 hoc
1350 2110 1413 2168 est
1443 2123 1505 2168 non

225 2223 353 2296 propter
383 2222 524 2297 priorem
557 2223 660 2282 vitam
692 2224 754 2284 sed*
780 2225 909 2297 propter
940 2223 1037 2282 buius
1069 2222 1132 2282 diei
1160 2224 1331 2296 peceatum
1354 2221 1506 2294 Oedipodi

225 2335 421 2394 caerimonia
444 2351 524 2409 opus
550 2350 633 2396 esse.

269 2446 382 2522 Itaque
414 2449 585 2510 libationes
617 2450 651 2509 et
681 2464 802 2525 preces,
835 2464 917 2522 quae
951 2450 1101 2509 Ismenes
1133 2449 1339 2522 mandantur,
1370 2463 1432 2509 non
1458 2451 1504 2519 (ut

224 2560 336 2621 Nauck
371 2578 442 2636 pag.
480 2565 520 2622 31
558 2564 734 2633 contendit)
770 2563 903 2623 inutiles
940 2563 1091 2623 videntur
1127 2564 1201 2636 post
1236 2577 1284 2637 ea,
1319 2576 1401 2635 quae
1436 2561 1505 2634 ipse

225 2674 364 2750 Oedipus
395 2680 454 2747 (vs.
489 2678 531 2736 84
563 2679 644 2750 sqq.)
677 2680 828 2752 precatus
860 2680 920 2753 est,
949 2678 1006 2737 sed
1030 2675 1096 2736 illic
1119 2692 1160 2737 ex
1184 2675 1286 2749 ipsius
1310 2675 1411 2735 animi
1435 2690 1503 2734 sen·

224 2790 327 2848 tentia
347 2790 507 2849 auxilium
527 2791 663 2850 dearum
683 2791 837 2866 implorat
858 2793 891 2850 et
911 2805 946 2850 se
967 2790 1146 2850 secundum
1159 2789 1318 2863 Apollinis
1336 2788 1501 2848 oraculum

135 2927 139 2930 ·
224 2916 337 2961 earum
369 2903 401 2961 in
433 2902 506 2963 luco
538 2905 682 2976 quietem
705 2904 915 2964 inventurum
940 2919 1012 2964 esse
1039 2903 1213 2977 contendit,
1238 2903 1290 2963 hic
1313 2903 1445 2961 Ismene
1467 2903 1504 2961 ut

225 3014 474 3076 Atheniensium
506 3015 653 3090 religioni
684 3017 767 3077 satis
797 3016 865 3092 fiat,
897 3017 981 3076 iram
1013 3017 1147 3077 dearum
1182 3014 1222 3075 ob
1245 3016 1355 3075 lucum
1379 3016 1503 3074 temere

224 3127 343 3188 initum
365 3131 566 3190 commotam
590 3129 742 3203 mitigare
766 3131 885 3190 studet.
910 3130 981 3190 Non
1002 3123 1138 3207 Ἐρινύες
1161 3129 1304 3202 tragicae
1323 3128 1501 3203 placantur,

226 3243 281 3302 sed
313 3239 384 3302 θεαὶ
415 3242 570 3320 δημοῦχοι,
600 3244 688 3320 deae,
723 3259 805 3317 quae
839 3243 949 3305 Ooloni
983 3243 1097 3304 incolis
1136 3242 1287 3316 opitulari
1317 3241 1500 3301 ereduntur.

225 3353 357 3416 Rectius
387 3356 486 3430 igitur
516 3359 577 3434 est,
610 3358 693 3430 quod
727 3357 868 3430 legimus
901 3357 941 3417 ad
973 3373 1021 3416 rs.
1054 3358 1137 3417 467:
1170 3349 1205 3413 δι’
1238 3352 1311 3415 αὐτὸ
1337 3351 1393 3433 γὰρ
1416 3362 1502 3413 τοῦτο

224 3468 396 3528 κελεύουσιν
420 3468 499 3553 αὐτῷ
524 3468 737 3549 καθαίρεσθαι,
762 3468 805 3529 ὅτι
829 3468 870 3542 εἰς
894 3467 1006 3549 ἄβατον
1034 3466 1124 3548 ἐπέβη
1148 3467 1239 3528 τόπον
1263 3476 1316 3529 τοῦ
1339 3467 1421 3545 ἱεροῦ
1443 3459 1501 3526 τῶν

224 3582 350 3658 Σεμνῶν
366 3576 396 3652 ¹).

269 3696 329 3757 Hic
361 3711 436 3756 vero
467 3697 569 3771 ipsius
599 3699 714 3770 poetae
747 3696 845 3757 rerba
873 3712 933 3757 nos
963 3697 1081 3757 babere
1109 3711 1213 3770 neque
1237 3713 1256 3756 a
1279 3697 1394 3772 nepote
1418 3697 1499 3757 istos

224 3809 350 3869 additos
373 3824 445 3869 esse
470 3825 585 3879 versus
609 3810 691 3869 mibi
713 3809 845 3882 quidem
869 3824 926 3884 pro
950 3811 1039 3871 certo
1062 3811 1191 3872 constat
1211 3825 1253 3870 ex
1273 3826 1321 3871 vs.
1347 3811 1411 3872 498
1433 3826 1498 3883 su:

537 3920 638 4002 ἀρκεῖν
661 3920 717 4003 γὰρ
742 3915 825 4000 οἶμαι
847 3920 933 3983 κάντὶ
956 3923 1071 4003 μορίων
1095 3923 1166 4000 μίαν

534 4035 637 4116 ψυχὴν
659 4032 726 4097 τάδ’
754 4035 938 4116 ἐκτίνουσαν,
960 4035 999 4118 ἢν
1024 4035 1131 4110 εὔνοος
1155 4047 1245 4122 παρῇ.

267 4151 353 4212 Νοο
395 4153 559 4224 magnis
602 4151 724 4212 donis
765 4167 844 4213 non
886 4153 1040 4213 multis
1074 4151 1425 4214 immolatoribus
1459 4153 1499 4212 in

256 4392 277 4459 ¹)
299 4397 378 4443 Reote
400 4396 490 4442 scribit
512 4396 539 4442 P.
561 4397 593 4442 de
615 4395 793 4444 Salui-Viotor.
817 4395 868 4443 Les
891 4396 965 4442 Deux
987 4395 1116 4456 Musones,
1139 4394 1212 4441 Paris
1231 4395 1295 4441 1895
1313 4393 1340 4440 11
1358 4407 1416 4453 pag.
1437 4395 1497 4442 159:

223 4474 258 4522 Oc
280 4475 337 4534 rite,
360 4476 379 4522 il
402 4475 576 4535 l’aoeomplira
598 4489 664 4536 pour
687 4488 715 4522 se
739 4473 883 4521 conformer
907 4487 956 4520 aux
978 4474 1027 4520 lois
1051 4473 1086 4520 du
1109 4486 1181 4535 pays,
1197 4473 1263 4520 ainsi
1280 4471 1342 4531 qu’il
1360 4473 1416 4519 sled
1431 4487 1446 4520 a
1463 4487 1498 4520 un

222 4553 291 4615 hbte,
314 4556 371 4602 n'en
395 4557 497 4601 sentent
519 4555 650 4602 d’eilleurs
668 4555 713 4601 nnl
730 4554 820 4600 basciu
831 4589 837 4601 .
848 4589 853 4600 .
865 4589 887 4601 ..
905 4554 1060 4614 qu’importe
1078 4567 1129 4600 une
1146 4556 1235 4612 goutte
1252 4550 1339 4599 lavant
1355 4565 1405 4598 uno
1422 4548 1497 4599 tache

222 4647 237 4682 a
254 4634 375 4682 l'bomme
392 4635 451 4693 qu'a
470 4637 575 4681 convert
595 4635 737 4681 l'immenee
757 4633 888 4688 soulllure,
906 4647 951 4680 sur
968 4631 1081 4692 laquelle
1097 4629 1136 4679 les
1155 4631 1214 4678 dots
1230 4633 1276 4678 ont
1293 4629 1387 4693 pessel
