3536 5068
853 236 870 294 7

230 400 365 461 exilium
396 415 415 458 a
447 398 573 459 civibus
604 397 745 456 missum
775 413 847 457 esse
879 396 970 456 valde
1005 397 1073 457 veri
1104 396 1221 457 similis
1246 398 1429 459 coniectura
1453 401 1503 460 est

231 515 291 574 viri
312 512 485 573 clarissimi
505 512 533 572 J.
556 526 619 570 van
638 511 798 570 Leeuwen
814 505 850 581 ¹):
871 511 922 570 hio
942 511 1041 584 igitur
1060 511 1132 570 tum
1153 511 1223 571 eius
1239 511 1502 574 animusfuerit?

230 628 290 688 hae
314 625 537 701 cogitationes
561 625 622 684 hoo
645 624 780 685 odium?

275 740 319 800 At
343 738 635 800 exclamationibus
658 737 704 796 nil
726 739 978 814 demonstratur,
1003 738 1048 797 nil
1071 737 1251 813 proficitur3
1276 754 1358 812 quas
1381 741 1502 801 missas
1581 739 1583 742 ’

231 856 329 928 igitur
352 855 482 930 faciam,
506 852 630 912 invitus
654 854 783 928 tamen3
808 867 885 913 nam
909 853 988 913 nihil
1014 887 1054 896 —
1079 853 1162 914 bona
1183 854 1278 913 venia
1299 855 1436 915 dixerim
1460 889 1500 898 -

231 984 250 1029 a
275 984 348 1028 vero
373 969 499 1042 longius
523 968 686 1027 remotum
712 982 810 1040 quam
835 966 998 1027 sententia
1022 967 1156 1043 reddita,
1180 967 1260 1027 nihil
1284 967 1398 1028 falsius
1422 968 1502 1029 mihi

231 1098 303 1143 esse
329 1083 467 1144 videtur.

276 1197 425 1272 Oedipus
459 1197 559 1271 aiunt,
592 1196 742 1270 expiatus
773 1197 840 1271 est;
872 1211 937 1254 non
968 1197 1079 1255 tamen
1112 1195 1167 1270 ita,
1197 1196 1232 1254 ut
1256 1196 1362 1255 virum
1384 1207 1502 1269 purum

230 1309 383 1384 amplecti
403 1311 453 1370 vel
474 1326 574 1370 manu
596 1310 755 1383 prehensa
774 1309 926 1369 osculove
945 1310 1051 1369 oblato
1071 1310 1210 1382 gratiam
1230 1323 1325 1368 suam
1341 1310 1504 1370 declarare

231 1425 358 1484 audeat.
392 1425 511 1484 Audite
540 1424 656 1497 quibus
681 1425 788 1484 verbis
811 1425 879 1499 ipse
905 1424 1044 1498 Oedipus
1066 1422 1195 1483 filiabus
1217 1422 1404 1496 reciperatis
1427 1423 1505 1483 The·

230 1554 324 1599 soum
349 1539 532 1612 alloquatur
555 1542 614 1608 (vs.
643 1539 754 1608 lraot:

496 1651 549 1711 καί
571 1673 621 1728 μοι
647 1645 714 1730 χέρ’,
737 1643 826 1728 ὦναξ,
849 1649 948 1723 δεξιὰν
972 1647 1083 1730 ὄρεξον,
1106 1647 1146 1722 ὡς

497 1766 607 1842 ψαύσω
632 1765 748 1843 φιλήσω
771 1760 806 1844 τ’,
830 1765 857 1825 εἰ
878 1763 976 1844 θέμις,
1000 1764 1032 1825 τὸ
1056 1764 1110 1825 σὸν
1133 1767 1217 1845 κάρα.

497 1881 593 1940 καίτοι
618 1880 647 1940 τί
668 1889 779 1956 φωνῶ;
803 1889 867 1951 πῶς
890 1875 928 1939 liv
951 1877 1043 1960 ἁγνὸν
1068 1878 1138 1939 ὄντα
1162 1877 1193 1939 σὲ

496 1999 595 2073 θιγεῖν
619 1988 774 2072 θιλήσαιμ’
802 1991 922 2073 ἀνδρός,
944 1989 967 2078 ᾧ
991 1994 1033 2065 τίς
1057 1991 1113 2053 οὐκ
1136 1991 1180 2053 ἔνι

497 2106 579 2185 κηλὶς
602 2117 703 2168 κακῶν
728 2109 882 2182 ξύνοικος;
906 2107 962 2168 οὐκ
986 2104 1075 2188 ἔγωγέ
1098 2123 1139 2184 σε,

497 2217 564 2283 οὐδ’
592 2213 647 2282 οὖν
672 2219 756 2282 ἐάσω·
781 2227 840 2294 τοῖς
864 2220 919 2301 γὰρ
946 2219 1093 2300 ἐμπείροις
1111 2255 1144 2274 υ
1161 2256 1204 2264 -

498 2336 601 2414 μόνοις
625 2329 690 2396 οἷόν
713 2359 742 2396 τε
766 2341 1019 2415 συνταλαιιτωρεῖν
1042 2335 1111 2397 τάδε

498 2450 536 2510 σὺ
561 2445 589 2510 δ’
615 2449 747 2511 αὐτόθεν
771 2473 820 2529 μοι
845 2455 1005 2530 χαῖρε....

277 2565 357 2641 Quid
389 2566 558 2625 Theseus?
590 2566 795 2625 iniustumne
827 2565 920 2625 ilium
952 2567 1063 2626 censet
1091 2565 1303 2639 scrupulum?
1334 2564 1381 2624 Ne
1408 2565 1504 2625 verbo

232 2679 362 2751 quidem
387 2679 578 2752 obloquitur.

280 2794 343 2868 „At
378 2793 464 2852 enlm
501 2793 584 2852 falsa
615 2794 694 2853 haee
726 2796 777 2853 est
808 2794 976 2853 hominum
1010 2794 1188 2867 sententia;
1221 2791 1337 2852 nobilis
1368 2794 1401 2852 et
1431 2792 1504 2866 pius

231 2907 361 2966 animus
391 2907 505 2966 statim
536 2922 553 2966 e
582 2908 687 2966 verbis
712 2907 849 2967 elucet.’'
879 2943 908 2951 -
935 2908 1097 2979 Legamus
1127 2906 1226 2980 igitur
1249 2906 1356 2981 verba,
1385 2906 1503 2978 quibus

232 3020 395 3093 Antigona
419 3036 530 3080 senem
556 3020 741 3094 alloquitur,
766 3036 840 3081 eum
865 3019 968 3080 filium
992 3024 1084 3094 pater
1107 3021 1216 3080 audire
1240 3021 1385 3080 recusat:

498 3131 611 3209 ἔφυσας
635 3132 734 3193 αὐτόν·
760 3128 831 3192 ὥστε
855 3129 931 3210 μηδὲ
955 3132 1071 3211 δρῶντά
1095 3149 1126 3193 σε

455 3251 458 3260 ’
499 3244 535 3306 τὰ
557 3255 616 3306 τῶν
639 3247 785 3306 κακίστων
811 3244 1040 3325 κάσεβεστάτων,
1063 3246 1164 3325 πάτερ,

498 3357 585 3437 θέμις
610 3357 642 3419 σε’
666 3355 688 3439 γ’
715 3353 792 3419 εἶναι
825 3364 925 3419 κεῖνον
949 3357 1091 3438 ἀντιδρᾶν
1115 3368 1221 3431 κακῶς.

501 3467 559 3532 ἀλλ’
587 3466 673 3546 εἶξον·
698 3470 753 3532 εἰσὶ
777 3469 907 3552 χάτέροις
931 3471 1018 3552 γοναὶ
1041 3471 1132 3532 κακαὶ

497 3584 547 3645 καὶ
570 3585 669 3663 θυμὸς
694 3582 820 3658 ὀξύς...

275 3702 488 3762 Pulcherrimi
520 3717 634 3760 versus
666 3704 699 3760 et
731 3701 839 3774 puella
869 3701 1051 3773 dignissimi
1083 3701 1192 3774 nobili,
1221 3699 1288 3760 lilia
1310 3701 1373 3776 pia,
1398 3717 1506 3762 sorore

231 3816 367 3890 amanti,
399 3830 482 3888 quas
509 3830 639 3888 semper
662 3830 794 3874 summa
818 3815 940 3874 virtute
965 3817 998 3874 et
1021 3816 1191 3874 honestate
1214 3817 1360 3874 nostram
1385 3817 1507 3875 excitat

233 3929 492 3989 admirationem.
519 3929 596 4004 Quis
618 3945 681 3989 non
706 3932 857 3989 movetur
881 3929 1057 4003 splendidis
1083 3930 1254 3989 versibus?

565 4033 588 4100 ὦ
612 4040 690 4113 ξένοι

564 4154 753 4236 αι’ὃόφρονες,
775 4149 833 4214 ἀλλ’
860 4151 922 4213 ἐπεὶ

562 4267 670 4349 γεραὸν
693 4265 805 4348 πατέρα
829 4263 911 4327 τόνδ’
940 4265 1011 4345 ἐμὸν

566 4380 622 4442 οὐκ
645 4375 785 4459 diviniori,
811 4379 904 4462 ἔργων

264 4619 284 4688 ¹)
303 4627 359 4674 Vid.
377 4624 475 4675 Mnem.
496 4629 569 4690 1892,
587 4641 646 4688 pag.
665 4627 713 4675 215
731 4640 787 4687 sqq.
