3536 5068
362 1125 434 1208 DE
464 1120 755 1208 OEDlPODlS
783 1119 934 1207 suuis
962 1117 1124 1206 Virus
1153 1118 1326 1204 ANIMI.

259 1690 329 1748 Iam
348 1689 491 1749 fabulam
516 1692 656 1750 tractare
679 1704 821 1764 pergam,
842 1689 890 1747 uti
910 1692 1139 1760 argumentum
1160 1687 1351 1758 argumento
1371 1688 1482 1747 subve-

214 1804 292 1864 niat.
324 1803 443 1877 Utique
471 1804 626 1878 Oedipum
660 1819 679 1862 a
709 1805 803 1878 poeta
826 1817 890 1862 non
914 1804 1075 1876 sanctum,
1100 1802 1156 1861 sed
1182 1801 1287 1859 virum
1311 1801 1484 1860 mortalem

214 1920 401 1980 mortalium
422 1920 511 1980 vitiis
527 1921 702 1980 obnoxium
719 1918 811 1978 nobis
824 1917 949 1978 ostendi
962 1917 1118 1976 contendo
1131 1919 1164 1976 et
1176 1932 1217 1976 ex
1229 1915 1309 1989 ipsis
1322 1915 1487 1989 Sophoclis

217 2033 323 2092 verbis
346 2036 567 2094 demonstrare
592 2034 738 2094 conabor.

261 2149 435 2221 Postquam
467 2151 562 2224 pius
593 2149 669 2208 ille
701 2150 741 2209 et
768 2147 969 2222 expiatus
993 2146 1175 2219 Oedipus
1197 2144 1300 2204 filiurn
1325 2146 1376 2204 est
1399 2161 1486 2204 exse·

215 2266 334 2337 cratuS,
358 2278 398 2323 ne
422 2263 560 2322 Athenis
583 2261 781 2323 calamitatis
804 2277 903 2322 causa
930 2261 988 2320 fiat
1007 2261 1126 2320 timent
1145 2275 1240 2318 senes
1260 2259 1486 2334 Athenienses

214 2375 268 2446 qui
291 2380 411 2436 canunt
435 2380 494 2446 (vs.
521 2377 634 2447 1148);

548 2489 601 2550 νέα
623 2491 693 2550 τάδε
716 2489 824 2552 νεόθεν
847 2481 922 2568 ἦλθέ
946 2512 996 2567 μοι

549 2604 726 2684 βαρύαονμα
751 2601 828 2663 κακὰ
850 2597 916 2683 παρ’
944 2600 1038 2662 ἀλαοῦ
1062 2598 1159 2679 ξένου,

549 2717 622 2777 εἴτι
646 2722 734 2796 μοῖρα
758 2715 798 2795 μὴ
821 2715 960 2795 κιγχάνει.

260 2831 358 2891 Pius
397 2832 472 2890 ille
508 2834 549 2891 et
584 2833 789 2905 expiatus
824 2831 1008 2904 Oedipus
1043 2845 1123 2889 num
1159 2832 1305 2890 sanctam
1343 2831 1487 2903 quietam

216 2946 402 3004 contentam
427 2946 568 3004 ostendit
592 2947 748 3020 mentem,
774 2960 849 3004 cum
873 2945 1018 3016 queritur
1042 2947 1100 3013 (vs.
1126 2944 1218 3013 aust:

484 3054 606 3137 γέροντα
629 3053 656 3117 δ’
685 3053 801 3137 ὀρθοῦν
825 3062 972 3137 φλαῦρον,
994 3052 1027 3128 ὃς
1050 3055 1115 3128 νέος
1139 3055 1238 3139 rre'dp?

263 3170 360 3231 Sero
393 3185 412 3230 a
443 3171 527 3230 diis
552 3172 731 3244 juvatur
762 3187 910 3247 senex,
943 3187 1061 3244 quem
1085 3171 1280 3231 iuvenem
1307 3185 1488 3244 pessum·

216 3285 422 3345 dederint.
447 3285 610 3346 Vocabula
637 3285 688 3362 ,dg
714 3283 778 3358 νέος
798 3283 894 3370 πνέονθ’
916 3287 1074 3361 Oedipum
1094 3286 1258 3346 fortunam
1279 3301 1374 3346 suam
1394 3300 1488 3358 aegre

216 3399 299 3460 ferre
323 3401 405 3460 satis
428 3401 580 3462 indicant.

262 3512 361 3574 Pius
383 3515 458 3575 ille
483 3517 523 3575 et
546 3516 745 3591 expiatus
769 3515 953 3588 Oedipus
977 3530 1088 3591 paene,
1113 3515 1176 3574 nisi
1201 3515 1362 3574 aTheseo
1383 3515 1488 3574 admo·

218 3629 307 3689 nitus
335 3632 432 3706 esset,
456 3631 587 3704 pietatis
611 3645 686 3704 erga
710 3631 786 3690 deos
811 3630 929 3700 oblitus
954 3632 1020 3689 est:
1052 3630 1163 3705 „Noli”
1192 3646 1251 3690 rex
1270 3629 1374 3701 inquit
1393 3629 1478 3687 Athe

218 3743 342 3803 niensis
368 3743 531 3820 ,Polynici
555 3745 687 3804 deorum
713 3744 848 3818 supplici
873 3744 1067 3816 colloquium
1092 3745 1262 3804 recusarc'’
1288 3745 1346 3811 (vs
1375 3744 1487 3810 1179iz
1591 3761 1595 3765 ·

530 3851 588 3916 ἀλλ’
615 3855 641 3916 εἰ
663 3854 694 3915 τὸ
716 3853 827 3934 θάκημ’
854 3853 1051 3935 ἐξαναγκάζει,
1077 3856 1189 3933 σκόπει,

530 3972 571 4047 μή
596 3986 642 4030 σοι
665 3964 777 4050 πρόνοι’
804 3961 823 4053 ᾖ
847 3978 900 4029 τοῦ
923 3975 999 4030 θεοῦ
1023 3966 1181 4045 φυλακτέα.

263 4087 339 4160 Ipsa
358 4100 483 4158 quoque
503 4084 570 4145 filia
583 4085 699 4145 leniter
717 4085 856 4157 priorem
877 4084 1077 4144 iracundiam
1095 4085 1125 4144 ei
1144 4085 1177 4143 in
1190 4085 1335 4143 mentem
1348 4085 1489 4156 revocat,

220 4203 319 4272 utque
343 4199 519 4260 comiorem
543 4214 628 4258 nunc
652 4213 687 4257 se
710 4198 872 4272 praebeat,
898 4213 972 4257 eum
999 4198 1188 4258 adhortatur
1212 4200 1270 4266 (vs.
1298 4196 1411 4265 naal:

532 4307 590 4373 ἀλλ’
618 4305 704 4384 εἶξον·
728 4309 783 4371 εἰσὶ
806 4307 936 4390 χάτέροις
959 4308 1046 4392 γοναὶ
1069 4309 1158 4371 κακαὶ

530 4422 580 4485 καὶ
603 4423 736 4502 θυμὸς
759 4420 827 4497 ὀξύ
842 4447 867 4501 ς,
889 4421 962 4485 ἀλλὰ
985 4425 1219 4503 νουθετούμενον

532 4539 628 4615 φίλων
652 4535 780 4622 ἐπῳδαῖς
804 4535 993 4620 &gradilonem
1017 4538 1119 4615 φύσιν.
