3536 5068
905 246 946 307 36

332 413 403 474 Non
433 414 535 487 rogat,
566 405 679 471 utrum
702 409 885 486 peccaverit
906 410 974 484 ipse
997 425 1107 484 necne,
1131 424 1195 468 non
1219 409 1310 468 curat
1334 423 1397 481 quo
1420 407 1560 468 facinore

288 527 434 587 numinis
468 525 559 585 illam
594 525 677 585 iram
708 525 770 584 sihi
800 523 1004 584 conflaverit:
1037 522 1153 582 statuit
1176 521 1404 582 tantummodo
1428 535 1561 594 superos

289 656 328 700 ea
351 641 553 715 perpetrasse
577 623 610 697 et
632 638 664 697 id
685 637 766 696 satis
785 637 891 696 habet.
912 637 982 696 Iam
1003 650 1078 695 vero
1099 635 1152 710 dii,
1166 635 1417 708 quihominibus
1430 634 1560 710 mentis,

289 756 326 814 ut
356 755 402 814 ita
429 753 546 828 dicam,
570 751 680 811 oculos
705 751 956 825 praestringunt,
982 751 1018 809 ut
1041 749 1152 809 miseri
1175 749 1238 823 ipsi
1261 763 1339 808 suae
1363 749 1561 809 calamitatis

289 868 438 927 auctores
468 864 557 940 fiant,
589 880 669 924 num
700 864 844 924 sociandi
875 865 952 922 sunt
982 877 1056 921 cum
1089 877 1166 922 vera
1188 863 1324 938 iustitia,
1349 861 1479 934 qualem
1502 877 1562 921 nos

289 995 362 1040 eam
385 979 478 1039 nobis
500 977 677 1051 fingimus?
700 976 813 1037 Nonne
837 977 943 1049 magis
965 976 1092 1050 propria
1112 975 1267 1048 cuiusque
1287 976 1338 1036 dei
1359 976 1509 1036 voluntas
1528 977 1561 1036 et

178 1159 180 1163 ,
288 1093 395 1168 libido,
426 1107 524 1166 quam
556 1093 688 1152 aeterna
719 1093 751 1151 et
782 1089 998 1150 immutabilis
1027 1089 1163 1165 iustitia,
1194 1091 1259 1150 tale
1287 1091 1315 1150 si
1338 1091 1414 1163 quid
1437 1091 1562 1151 homini

288 1207 422 1283 accidat,
448 1205 556 1266 valere
579 1208 611 1265 et
635 1220 730 1278 agere
754 1205 906 1265 videtur?

333 1319 442 1380 Aliam
464 1320 556 1388 nohis
580 1319 724 1380 fabulam
747 1319 780 1378 in
806 1319 950 1378 mentem
973 1333 1180 1392 revocemus3
1205 1319 1236 1376 in
1261 1319 1440 1379 Trachiniis
1463 1333 1562 1391 quam

289 1434 328 1493 ob
351 1449 485 1494 causam
509 1433 666 1493 Hercules
689 1434 759 1492 tam
778 1447 890 1492 severe
910 1432 1065 1505 ponitur?
1087 1467 1127 1474 -
1147 1432 1253 1492 Nolite
1273 1432 1376 1492 Iolam
1388 1433 1561 1492 abductam

290 1547 342 1606 vel
373 1545 559 1606 Oechaliam
586 1545 727 1606 deletam
751 1546 868 1605 habere
893 1560 1044 1620 causam;
1069 1548 1156 1606 recte
1180 1545 1321 1618 Mahaffy
1344 1546 1456 1605 scribit
1478 1549 1560 1619 (pag.

291 1661 382 1730 29dlz
419 1659 498 1735 ,We
529 1660 620 1718 most
650 1658 842 1734 remember,
870 1659 942 1718 that
966 1674 1015 1719 we
1039 1674 1093 1719 are
1117 1660 1249 1733 reading
1272 1659 1307 1719 of
1328 1659 1432 1720 Greek
1454 1658 1563 1719 heroic

289 1775 388 1834 times
423 1775 484 1834 and
518 1788 683 1848 menoare,
717 1773 811 1832 when
846 1772 926 1831 such
960 1771 1080 1832 license
1115 1789 1184 1834 was
1212 1773 1314 1846 treely
1345 1772 1498 1834 accorded
1528 1773 1563 1831 to

290 1887 430 1963 Primae,
455 1887 517 1946 and
541 1887 636 1946 when
658 1887 714 1946 the
737 1886 942 1946 attachment
965 1887 999 1945 to
1018 1886 1095 1962 Iole,
1116 1888 1239 1960 though
1259 1902 1278 1946 a
1298 1888 1391 1960 great
1409 1885 1562 1961 hardship

286 2003 323 2061 to
353 2002 408 2061 the
431 1999 516 2076 wife,
540 1998 647 2059 would
669 2013 768 2059 never
791 1999 874 2058 have
897 1999 978 2059 been
1002 1999 1157 2072 regarded
1180 2015 1217 2060 as
1240 2015 1260 2060 a
1282 2000 1399 2061 breach
1424 1999 1460 2059 ot
1479 1999 1561 2072 good
1673 2011 1677 2041 ·

272 2103 442 2174 'morals’'
467 2113 503 2173 ld
527 2113 556 2172 si
579 2112 737 2172 voluisset
759 2114 864 2188 poeta,
889 2113 973 2172 clare
997 2114 1139 2187 profecto
1161 2115 1352 2186 indicasset;
1376 2113 1433 2174 sed
1456 2127 1560 2185 neque

290 2227 447 2288 Hercules
478 2241 582 2299 neque
608 2225 768 2301 Deianira,
793 2240 875 2298 quae
899 2239 1009 2285 amore
1033 2227 1144 2287 mariti
1167 2228 1200 2286 in
1224 2243 1365 2288 errorem
1389 2228 1561 2303 pertracta,

690 2336 819 2416 ἥμαρτεν
843 2335 952 2416 χρηστὰ
976 2335 1106 2416 μωμένα,

290 2455 327 2512 ut
362 2455 436 2528 post
466 2454 537 2513 eius
568 2453 709 2511 mortem
739 2450 826 2511 filius
857 2451 895 2512 de
920 2467 959 2513 ea
989 2454 1130 2514 testatur
1161 2455 1284 2524 (Trach.
1319 2456 1425 2530 1136),
1458 2469 1562 2527 neque

290 2561 463 2644 Antigona,
488 2567 580 2628 ouius
604 2581 756 2641 suprema
779 2567 878 2626 verba
901 2568 978 2626 sunt
1001 2569 1087 2638 (Ant.
1113 2569 1176 2628 942
1202 2573 1279 2642 eqd:

581 2679 732 2751 (λεύσσετε)
757 2671 806 2739 οἷα
828 2677 902 2758 πρὸς
927 2679 999 2740 οἴων
1022 2677 1141 2761 ἀνδρῶν
1164 2681 1266 2760 πάσχω

579 2791 633 2870 τὴν
656 2790 794 2870 εὐσεβίαν
818 2790 970 2869 σεβίσασα,

290 2922 394 2980 neque
436 2907 552 2966 Lichas
593 2921 696 2980 neque
738 2907 866 2966 Iocasta
901 2907 1036 2967 meritas
1071 2907 1132 2967 luit
1166 2923 1295 2982 poenas.
1333 2907 1395 2968 Gur
1428 2911 1561 2982 pereant

290 3021 385 3094 poeta
420 3035 482 3079 non
518 3022 609 3093 rogat
643 3022 793 3080 curatve:
825 3020 960 3080 consilia
993 3022 1125 3082 deorum
1157 3038 1221 3082 non
1252 3025 1388 3098 possunt
1418 3021 1563 3094 intellegi

292 3131 418 3206 (fragm.
444 3133 538 3202 659t:

560 3240 618 3305 ἀλλ’
646 3244 683 3306 oo’r
707 3243 763 3326 γὰρ
787 3241 825 3306 dv
847 3244 975 3306 ταθεῖα
997 3247 1188 3326 αραπτόνταν
1214 3253 1297 3308 θεῶν

560 3358 670 3436 μάθοις
694 3355 742 3438 ἂν,
764 3355 832 3420 οὐδ’
858 3361 885 3421 εἰ
906 3356 988 3421 πάντ’
1015 3359 1184 3435 ἐπεξέλθοις
1211 3370 1340 3422 σκοπῶν.

337 3473 378 3533 cf.
402 3473 483 3533 Phil.
509 3474 584 3549 451,
610 3473 685 3534 Oed.
710 3474 747 3536 R.
773 3475 847 3535 280.

336 3587 471 3646 Miseros
500 3587 666 3664 mortales,
697 3587 753 3660 qui
783 3602 803 3647 a
834 3588 902 3648 deis
932 3589 1118 3666 puniantur,
1149 3605 1230 3663 quos
1260 3605 1322 3650 non
1355 3589 1563 3663 intellegant;

292 3701 347 3772 qui
370 3715 481 3761 eorum
506 3700 615 3761 odium
640 3701 790 3777 timeant,
815 3701 898 3775 quod
923 3703 1063 3776 effugere
1087 3704 1250 3777 nequeant
1273 3703 1399 3777 (fragm.
1425 3703 1516 3772 611);

559 3813 645 3893 αἴσχη
669 3793 733 3892 μὲν,
756 3805 779 3874 ὦ
802 3819 950 3894 γυναῖκες,
973 3810 1041 3876 οὐδ’
1068 3812 1106 3875 liv
1130 3809 1171 3888 εἷς
1195 3817 1288 3896 φύγοι

558 3927 674 4006 βροτῶν
696 3919 780 4004 ποθ’,
803 3919 826 4010 ᾧ
857 3924 908 3986 καὶ
932 3927 1009 4000 Ζεὺς
1032 3926 1187 4014 ἕῳορμήσῃ
1210 3929 1295 3990 κακά.

559 4038 668 4111 νόσους
692 4034 720 4099 d’
747 4037 862 4120 ἀνάγκη
885 4039 937 4113 τὰς
959 4041 1125 4120 θεηλάτους
1150 4040 1260 4122 φέρειν.

338 4152 377 4212 cf.
414 4151 489 4212 Oed.
527 4151 559 4213 Ο.
592 4154 666 4229 262,
700 4153 747 4215 ΕΙ.
781 4157 856 4232 696,
886 4155 937 4216 Αἱ.
969 4157 1044 4233 455,
1076 4156 1151 4218 Oed.
1186 4156 1218 4218 G.
1251 4158 1325 4231 964,
1358 4157 1433 4232 998,
1469 4157 1563 4231 1443,

294 4266 408 4339 fragm.
435 4265 510 4327 205.

338 4378 472 4438 Miseros
495 4380 666 4442 mortales!
692 4380 781 4456 Quod
804 4383 996 4461 remedium,
1017 4384 1101 4457 quod
1121 4384 1275 4444 solatium
1297 4386 1371 4444 est?
1393 4418 1433 4427 -
1453 4385 1566 4456 Aequo

294 4493 403 4551 animo
427 4493 537 4554 omnia
559 4493 700 4568 perferre
724 4496 758 4555 et
781 4496 843 4556 diis
866 4512 931 4558 non
953 4497 1107 4559 resistere
1130 4497 1206 4559 Oed.
1232 4497 1264 4558 0.
1291 4499 1393 4560 1694:

607 4605 639 4667 τὸ
663 4605 756 4688 φέρον
779 4606 811 4669 ἐν
834 4613 911 4670 θεοῦ
934 4613 1031 4682 καλῶς
1054 4608 1156 4690 φέρειν
1178 4609 1242 4690 χρή.
