3536 5068
838 325 878 382 aa

225 483 293 544 veri
328 483 436 544 simile
467 486 501 544 et
531 486 630 544 etiam
661 486 745 559 apud
775 485 970 560 Euripidem,
997 486 1035 544 ut
1057 500 1074 544 e
1099 484 1212 545 multis
1235 498 1336 544 unum
1360 482 1496 541 afferam

224 598 465 672 argumentum,
499 599 672 671 vestigium
703 599 800 658 huius
831 598 964 671 originis
986 597 1172 657 invenimus
1194 597 1229 656 in
1251 611 1329 656 voce
1348 589 1496 672 Ἐρινύων

224 708 382 787 μυκήματα
405 711 484 784 (lpn.
509 711 604 771 Taur.
630 712 714 782 293).

270 822 427 883 Omnibus
449 824 516 883 iam
541 825 638 884 huius
662 824 789 885 fabulae
813 824 963 885 tractatis
986 824 1076 900 locis,
1103 823 1210 883 valere
1234 837 1307 882 earn
1328 822 1495 895 iubemus;

224 937 284 996 hoc
307 951 408 995 unum
434 937 515 997 addo
538 938 700 997 interdum
726 938 764 998 de
791 937 871 1011 ipsis
896 952 1022 1010 quoque
1045 937 1166 997 deabus
1190 935 1384 1018 vocabulum
1406 949 1496 994 usur·

224 1050 294 1122 pari
325 1049 405 1127 Ἀραί
434 1049 531 1124 (Sept.
565 1052 640 1126 945,
673 1051 766 1111 Fum.
800 1051 887 1126 420),
918 1050 975 1110 sed
998 1050 1030 1110 id
1056 1048 1159 1109 multo
1181 1048 1327 1122 pluribus
1349 1048 1428 1108 locis
1451 1048 1496 1108 nil

224 1161 289 1221 nisi
312 1164 570 1223 exsecrationem
594 1163 786 1237 significare.

270 1276 352 1337 Cum
375 1277 407 1336 in
435 1278 667 1352 „Prometheo”
693 1294 757 1338 uno
780 1279 910 1337 tantum
936 1291 1043 1351 versu,
1068 1292 1165 1349 quern
1189 1277 1266 1352 dixi,
1291 1277 1323 1336 in
1347 1276 1495 1352 „Persis”

225 1392 337 1450 autem
360 1392 393 1450 et
416 1391 449 1450 in
477 1391 719 1466 „supplicibus”
747 1405 907 1463 nusquam
938 1390 977 1449 de
1000 1389 1105 1449 Furiis
1128 1388 1186 1449 flat
1210 1390 1343 1466 mentio,
1366 1391 1432 1450 iam
1457 1389 1497 1448 ad

226 1503 387 1564 Orestiam
408 1505 627 1579 pervenimus
648 1505 680 1563 in
701 1519 765 1576 qua
785 1504 955 1564 Furiarum
969 1505 1114 1577 potestas
1126 1503 1265 1563 maximi
1277 1505 1328 1563 est
1339 1503 1497 1562 momenti

225 1618 378 1691 ipsaeque
401 1618 433 1676 in
457 1632 589 1678 scenam
614 1618 780 1692 prodeunt.

269 1732 525 1805 Agamemnonis
552 1732 681 1791 fabulae
709 1731 801 1791 initio
826 1731 942 1791 chorus
967 1729 1099 1789 Atridas
1122 1731 1302 1790 exercitum
1326 1730 1359 1789 in
1383 1729 1496 1789 Asiam

225 1847 431 1906 traducentes
473 1861 549 1905 cum
589 1845 772 1905 vulturibus
806 1845 982 1918 comparat,
1018 1845 1083 1920 qui,
1118 1846 1289 1917 postquam
1325 1843 1431 1917 pullos
1463 1843 1496 1901 in

225 1959 299 2019 nido
332 1962 464 2020 necatos
492 1960 654 2034 invenere,
687 1959 830 2019 certandi
862 1957 1036 2031 cupiditate
1059 1957 1234 2030 flagrantes
1265 1973 1300 2017 se
1323 1957 1442 2017 tollunt
1464 1957 1497 2015 in

222 2078 347 2135 aerem:

579 2187 692 2258 όπατος
716 2182 742 2246 δ’
770 2185 844 2246 ἀΐων
867 2185 887 2266 ἥ
910 2211 953 2260 τις
977 2188 1122 2249 Ἀπόλλων

580 2298 600 2379 ἢ
624 2298 693 2359 Πὰν
716 2297 736 2379 ἢ
761 2299 836 2372 Ζεὺς
860 2300 1047 2380 οἰωνόθροον

581 2413 652 2493 γόον
677 2410 807 2490 ὀξυβόαν
830 2413 923 2474 τῶνδε
947 2415 1089 2492 μετοίκων

581 2525 793 2605 ὑστερόποινον

581 2637 687 2716 πέμπει
710 2643 881 2720 παραβᾶσιν
902 2637 1033 2720 Ἐρινύν.
1175 2644 1234 2710 (VS.
1261 2641 1301 2700 55
1327 2643 1407 2712 sqq.)

270 2753 380 2826 Pergit
398 2755 509 2828 poeta:
532 2755 579 2814 sic
598 2755 750 2831 Iuppiter,
772 2757 935 2829 hospitum
953 2758 1119 2830 patronae,
1140 2753 1272 2813 Atridas
1287 2753 1327 2812 ad
1343 2752 1497 2812 Troianos

226 2868 339 2942 mittit,
365 2868 478 2928 multis
497 2869 648 2942 periculis
669 2869 702 2928 et
721 2869 884 2930 laboribus
904 2870 1043 2930 Graecos
1064 2868 1281 2939 Troianosque
1302 2865 1495 2926 obiecturus,

270 2981 331 3040 Hic
362 2996 446 3040 unus
478 2984 529 3041 est
559 2983 659 3058 locus,
692 2984 747 3055 qui
779 2999 852 3043 curn
886 2983 1019 3056 reliquis
1047 2981 1223 3055 discrepat;
1248 2979 1344 3040 Furia
1367 2979 1452 3038 enim
1479 2994 1498 3038 a

225 3095 351 3169 superis
383 3095 525 3154 mittitur
553 3098 586 3156 et
618 3097 657 3156 ob
689 3097 794 3170 pullos
825 3099 957 3157 necatos
989 3111 1052 3155 non
1076 3095 1115 3154 ob
1138 3095 1288 3154 homines
1311 3092 1498 3152 interiectos

227 3224 360 3269 munere
378 3210 469 3282 iungi
489 3209 615 3269 dicitur.
636 3211 681 3268 At
700 3211 861 3270 recordari
877 3211 1032 3270 debemus
1049 3208 1288 3281 comparatione
1304 3207 1351 3265 uti
1368 3209 1497 3280 poetam

225 3337 288 3382 non
309 3324 395 3383 iacta
416 3321 552 3397 tradere,
573 3323 753 3396 Furiaeque
771 3339 834 3383 non
857 3325 962 3396 magis
982 3339 1080 3397 quam
1101 3323 1286 3381 intransitu
1300 3319 1498 3379 mentionem
1571 3389 1573 3394 Ι

224 3435 311 3510 fieri;
332 3436 465 3495 Atridae
485 3452 559 3497 cum
582 3436 766 3496 vulturibus
786 3439 1024 3511 comparantur,
1046 3451 1183 3510 quorum
1196 3433 1274 3508 pulli
1286 3433 1391 3493 necati
1404 3435 1498 3505 sunt;

225 3552 263 3608 ut
292 3565 371 3609 eves
402 3551 434 3608 in
464 3565 571 3610 aerem
600 3565 636 3609 se
661 3550 790 3623 tollunt,
813 3551 860 3609 ita
884 3550 982 3610 duces
1007 3549 1188 3609 exercitum
1212 3547 1368 3621 educunt;
1394 3546 1500 3605 iustae

226 3677 356 3738 poenae,
381 3679 462 3737 quas
485 3661 524 3737 is,
549 3664 603 3736 qui
627 3663 771 3750 deliquit,
796 3663 894 3737 dabit,
924 3663 1059 3722 minoris
1082 3662 1159 3721 sunt
1179 3659 1347 3719 momenti.
1368 3658 1500 3733 Verum,

225 3777 300 3836 utut
323 3792 358 3835 se
382 3792 435 3836 res
459 3777 566 3853 habet,
592 3792 640 3851 ea,
665 3792 748 3851 quae
770 3778 823 3837 hic
847 3777 1015 3851 babemus,
1040 3773 1295 3849 repugnantiis,
1320 3786 1402 3846 quae
1425 3772 1502 3832 alibi

225 3888 392 3963 leguntur;
416 3890 477 3950 hac
500 3891 539 3951 de
563 3907 597 3950 re
621 3888 732 3951 tamen
757 3907 797 3950 ne
821 3891 979 3950 miremur
999 3889 1084 3962 apud
1105 3889 1244 3962 poetam,
1266 3886 1330 3961 qui,
1351 3885 1503 3958 quamvis

226 4001 347 4062 claram
379 4019 508 4078 semper
540 4004 657 4064 habeat
686 4005 831 4064 numinis
863 4003 1031 4063 cuiusdam
1059 4001 1236 4074 imaginem
1261 4002 1450 4071 certumque
1474 3999 1503 4058 ei

225 4115 348 4174 tribuat
382 4131 513 4191 munna,
548 4131 612 4176 uno
643 4118 755 4176 tamen
787 4116 931 4176 alterove
963 4116 1031 4176 loco
1065 4115 1125 4174 sibi
1157 4115 1219 4187 ipsi
1250 4113 1279 4173 si
1311 4111 1504 4188 obloquitur,

225 4227 358 4287 solitum
391 4230 505 4288 vatum
536 4229 683 4302 sequitur
715 4244 851 4289 morem.
883 4229 1003 4289 Notatu
1037 4233 1148 4288 autem
1178 4229 1312 4302 dignum
1345 4228 1394 4285 esi
1419 4225 1506 4306 hunc

225 4340 333 4401 locum
367 4357 469 4401 unum
504 4357 586 4417 esse,
621 4342 676 4402 ubi
712 4341 888 4415 quidquam
920 4341 1007 4401 aliud
1039 4355 1138 4415 quam
1170 4341 1289 4402 ceteris
1320 4337 1506 4413 audiamus,

225 4469 339 4531 neque,
372 4455 400 4514 si
424 4470 499 4514 cum
523 4455 596 4515 aliis
620 4457 835 4532 comparetur,
861 4469 1018 4528 magnum
1042 4455 1197 4527 praebere
1221 4451 1405 4525 discrimen,
1430 4453 1508 4524 quia

226 4567 341 4628 Furiae
372 4570 526 4629 nocentes
556 4569 670 4642 punire
700 4572 734 4630 et
765 4584 862 4631 verae
886 4571 964 4630 deae
989 4582 1062 4630 esse
1088 4572 1123 4632 et
1146 4567 1198 4628 hic
1222 4565 1380 4638 dicantur,
1405 4578 1510 4638 neque

226 4679 366 4740 multam
393 4681 511 4742 habere
534 4683 774 4758 auctoritatem,
799 4683 954 4758 quoniam
978 4684 1077 4756 caput
1102 4678 1355 4756 comparationis
1379 4676 1413 4733 in
1438 4678 1512 4737 aliis
