3536 5068
848 237 891 298 29

234 418 332 476 quam
352 419 412 464 nos
432 403 667 478 vituperabant,
689 418 752 463 non
777 404 899 479 tamen,
922 403 951 462 si
972 401 1124 462 omnibus
1144 401 1218 460 aliis
1238 400 1354 460 studiis
1374 401 1509 461 remotis

235 531 299 576 una
322 517 445 589 reliqua
468 517 565 593 esset,
586 516 673 576 laudi
694 516 844 589 cuiquam
865 515 1072 574 tribuendam
1093 530 1166 574 esse
1186 514 1371 590 censebant,
1392 515 1508 590 Sopho-

234 630 301 690 cles
331 632 451 706 autem,
484 631 539 704 qui
561 631 646 690 hunc
671 630 772 689 animi
794 631 920 690 statum
946 629 1100 702 Oedipodi
1124 629 1316 703 perpetuum
1339 628 1453 688 tribuit
1476 631 1509 688 et

234 742 410 803 identidem
441 743 591 817 ostendit,
624 744 812 816 mitigatum
845 744 878 803 et
909 743 1078 816 expiatum
1111 758 1185 802 eum
1218 741 1279 802 sibi
1302 740 1422 815 fingere
1445 757 1508 802 non

234 857 347 930 potuit.
380 855 468 932 Quod
498 857 528 915 si
551 856 710 917 voluisset
740 858 834 930 podia
861 858 894 916 et
919 855 992 915 aliis
1017 854 1242 915 affectionibus
1265 855 1372 916 herois
1395 857 1509 930 pectus

235 969 359 1030 moveri
389 970 520 1030 iecisset
544 985 647 1043 neque
671 971 753 1030 hanc
777 971 814 1029 ut
836 969 930 1029 unice
955 969 985 1029 ei
1008 969 1169 1042 propriam
1194 969 1399 1029 ostendisset.
1424 969 1507 1029 Nam

234 1084 386 1156 quamvis
417 1083 609 1157 plerumque
647 1083 778 1158 ,oculus
812 1099 869 1158 pro
902 1082 1014 1144 oculo’‘
1047 1083 1117 1142 iure
1147 1083 1234 1157 posci
1270 1083 1299 1142 ei
1335 1083 1507 1157 videretur,

235 1199 345 1264 tamen
375 1212 606 1270 nonnunquam
637 1198 744 1270 magis
773 1195 949 1257 inclinabat
982 1196 1015 1255 in
1050 1195 1155 1255 lenius
1183 1195 1263 1255 illud
1286 1197 1505 1271 praeceptum,

235 1312 317 1384 quod
346 1310 515 1373 maleficiis
537 1311 661 1385 ignosci
685 1310 790 1384 iubet;
816 1311 930 1370 eadem
955 1309 1088 1386 ratione,
1114 1324 1177 1382 qua
1200 1309 1389 1386 Xenophon,
1415 1311 1507 1370 cuius

234 1440 298 1485 non
329 1425 460 1485 dubiam
491 1425 529 1485 de
560 1425 629 1484 iure
652 1424 783 1484 talionis
807 1423 990 1498 opinionem
1015 1438 1113 1497 supra
1136 1423 1242 1500 attuli,
1267 1425 1378 1483 tamen
1403 1425 1505 1484 Anab.

238 1538 272 1614 V,
297 1539 327 1614 8,
354 1540 394 1599 26
420 1539 513 1599 dicit:
538 1534 611 1596 ἀλλὰ
634 1534 694 1614 μὴν
718 1535 809 1596 καλόν
832 1558 864 1616 γε
887 1534 936 1595 καὶ
961 1535 1077 1596 δίκαιον
1100 1534 1150 1595 καὶ
1171 1534 1254 1596 ὅσιον
1273 1532 1323 1595 καὶ
1343 1534 1430 1613 ἥδιον
1449 1545 1507 1595 τῶν

234 1648 360 1730 ἀγαθῶν
385 1655 495 1728 μᾶλλον
518 1648 538 1730 ἢ
561 1659 620 1710 τῶν
643 1658 743 1709 κακῶν
768 1655 950 1727 μεμνῆσθαι,
973 1650 1087 1710 eadem
1107 1650 1230 1710 ratione
1251 1665 1315 1722 qua
1334 1650 1507 1711 Athenien·

234 1781 298 1841 seS,
333 1766 388 1837 qui
422 1765 488 1825 fere
522 1779 652 1838 semper
689 1764 853 1839 ,animam
896 1778 951 1837 pro
987 1763 1118 1823 anima’'
1155 1763 1284 1837 exigere
1323 1763 1507 1840 studebant,

233 1875 395 1938 interdum
428 1879 468 1939 ad
499 1893 612 1952 pacem
645 1879 678 1938 et
709 1877 853 1950 quietem
886 1877 1125 1938 restituendam
1154 1874 1186 1936 τὸ
1218 1874 1258 1954 μὴ
1289 1884 1509 1954 μνησικακῆσαι

205 2073 207 2076 ¹
232 1991 488 2065 promulgarunt.
512 1991 611 2051 Visne
635 2007 677 2051 ex
700 1991 865 2065 Sophoclis
890 1991 1008 2051 fabulis
1029 1993 1285 2064 argumentum?
1307 2025 1347 2034 -
1368 1992 1506 2068 Revoca,

233 2105 289 2180 sis,
325 2105 358 2164 in
393 2107 548 2180 mentem,
585 2121 648 2178 quo
685 2106 780 2166 modo
813 2105 852 2165 de
883 2105 991 2180 Aiace,
1022 2120 1120 2178 quem
1144 2105 1289 2165 Minerva
1312 2105 1509 2180 obcaecavit,

232 2218 383 2291 loquatur
412 2218 547 2295 ulyxes,
579 2221 752 2294 postquam
784 2219 1007 2281 adversarium
1040 2219 1201 2280 furentem
1234 2219 1378 2294 asperim
1408 2234 1508 2279 recor·

231 2332 317 2407 dare,
342 2334 500 2404 quomodo
524 2333 645 2394 Teucro
669 2332 853 2408 opituletur,
877 2335 915 2392 ut
939 2333 1074 2393 fratrem
1098 2334 1205 2393 debito
1229 2334 1343 2394 humet
1367 2334 1505 2407 honore;

231 2459 403 2518 personam
438 2447 556 2520 Ulyxis
593 2462 665 2506 earn
704 2447 810 2520 ipsam
842 2447 880 2505 oh
912 2462 1047 2507 causam
1080 2447 1290 2522 admiramur,
1322 2449 1406 2521 quod
1438 2463 1507 2521 pec·

231 2560 284 2618 cat
323 2562 433 2619 contra
465 2561 517 2620 ius
551 2560 690 2621 talionis
728 2561 918 2638 Recordare,
954 2562 1017 2621 nisi
1053 2562 1210 2636 displicet,
1248 2563 1344 2621 huius
1379 2561 1507 2622 fabulae

234 2687 282 2732 vs
311 2672 394 2733 1189
418 2688 506 2747 serp:

525 2785 638 2864 ἔφυσας
661 2785 763 2849 αὐτόν·
787 2787 859 2848 ὥστε
883 2784 958 2866 μηδὲ
981 2787 1097 2869 δρῶντά
1121 2805 1153 2848 σε

526 2898 561 2959 τὰ
582 2910 640 2960 τῶν
663 2900 810 2961 κακίστων
833 2896 1062 2981 κάσεβεατάτων,
1084 2900 1184 2979 πάτερ,

524 3011 611 3091 θέμις
635 3012 667 3074 σε’
689 3009 713 3095 γ’
739 3006 815 3073 εἶναι
839 3019 939 3073 κεῖνον
962 3012 1104 3093 ἀντιδρᾶν
1127 3023 1233 3085 κακῶς.

234 3129 267 3187 et
299 3127 480 3202 Antigonae
512 3143 628 3204 murac,
653 3128 765 3200 quales
790 3128 882 3188 nobis
906 3128 938 3187 in
962 3127 1081 3190 fabulis
1105 3128 1269 3201 Antigona
1292 3129 1325 3188 et
1349 3128 1508 3202 Oedipode

235 3239 371 3301 Ooloneo
405 3241 589 3318 pinguntur.
632 3242 701 3302 Non
736 3241 843 3302 solum
880 3244 1026 3304 mentem
1064 3242 1205 3303 ferocem
1240 3245 1272 3303 et
1306 3242 1507 3316 pervicacem

235 3353 407 3427 sophocles
437 3355 548 3428 magni
579 3355 667 3430 facit,
700 3369 804 3427 neque
835 3355 1031 3432 hominibus
1059 3370 1140 3428 quos
1164 3357 1401 3430 spectatoribus
1424 3372 1506 3416 com·

235 3468 387 3528 mendare
410 3468 492 3541 vult,
513 3469 740 3528 tantummodo
765 3469 874 3529 odium
894 3471 928 3529 et
947 3469 1158 3531 acerbitatem
1179 3469 1302 3545 tribuit,
1323 3469 1379 3530 sed
1401 3485 1508 3530 mores

234 3581 422 3655 plerumque
446 3581 577 3654 mitigat
600 3597 699 3642 sensu
723 3581 844 3643 leniore
868 3583 1026 3644 admixto.

279 3695 475 3756 Philoctetes
506 3697 592 3756 enim
624 3699 657 3756 et
689 3695 830 3772 Orestes
863 3697 916 3770 qui
948 3713 1011 3757 non
1044 3699 1193 3758 homines
1217 3697 1305 3757 caclo
1329 3696 1426 3773 digni,
1450 3698 1508 3758 sed

235 3808 295 3868 viri
318 3809 476 3869 mortales
499 3809 692 3870 mortalibus
716 3808 806 3868 vitiis
831 3810 958 3870 obnoxii
982 3810 1158 3887 finguntur,
1179 3827 1377 3884 quamquam
1403 3810 1506 3870 multo

235 3921 306 3996 plus
330 3937 448 3984 causae
473 3921 513 3981 ad
537 3901 794 3982 succensendum
816 3923 936 3983 habent
956 3939 1052 3997 quam
1074 3925 1225 4001 Oedipus
1246 3925 1376 4000 saepius
1396 3927 1507 3984 tamen

235 4035 336 4098 alium
360 4034 462 4095 animi
486 4036 609 4095 statum
634 4035 782 4110 produnt.
809 4036 933 4097 Orestis
957 4037 989 4097 in
1013 4037 1176 4098 Electram
1196 4053 1298 4114 amor,
1319 4039 1508 4099 Philoctetis

235 4165 310 4226 erga
333 4149 582 4224 Neoptolemum
606 4148 810 4228 simplicitas
836 4151 990 4229 amicitia,
1015 4151 1119 4226 gratia
1142 4151 1247 4212 multo
1270 4152 1386 4228 magiS,
1412 4152 1508 4212 utils

235 4263 416 4340 faveamus,
449 4262 602 4340 efficiunt,
643 4261 747 4323 multo
786 4264 987 4339 frequentius
1025 4282 1045 4326 a
1075 4266 1170 4340 poeta
1200 4266 1507 4339 commemorantur,

235 4390 333 4449 quam
357 4378 469 4437 nostra
492 4377 524 4436 in
549 4377 658 4437 fabula
681 4375 851 4452 Oedipodis
875 4395 966 4441 amor
989 4395 1065 4454 erga
1088 4378 1183 4438 filias,
1206 4378 1363 4453 Oedipum
1383 4380 1412 4438 si
1432 4393 1506 4437 oum

234 4489 299 4549 illis
323 4506 501 4567 compares
526 4505 731 4564 nequaquam
757 4507 812 4552 eos
835 4493 882 4552 ita
905 4495 1046 4568 superat,
1070 4494 1107 4553 ut
1131 4506 1217 4550 unus
1241 4508 1258 4552 e
1282 4492 1395 4551 multis
1419 4492 1508 4552 caelo

235 4602 351 4677 dignus
374 4603 531 4679 videatur,
562 4604 619 4664 sed
647 4619 664 4662 e
692 4605 851 4666 contrario
875 4605 1044 4667 Philocteti
1069 4607 1102 4666 et
1125 4603 1232 4664 Oresti
1255 4605 1348 4666 cedat
1370 4607 1505 4680 oportet.
