3536 5068
853 219 894 278 39

236 380 381 440 divinam
412 381 573 440 iustitiam
605 383 775 458 memorat,
807 397 976 442 summurn
1009 383 1129 443 bonum
1160 383 1336 442 adeorum
1367 381 1512 455 personis

236 493 421 553 seiunctum
453 496 582 554 exstare
614 496 648 555 et
678 495 817 555 maximi
844 496 1003 556 momenti
1026 496 1210 556 habendum
1236 511 1307 556 0000
1335 495 1436 554 docet.
1464 495 1511 553 Ab

236 606 339 668 altera
369 609 459 681 parte
484 607 646 682 Aeschylo
669 608 753 669 cedit
778 609 946 682 vulgarem
970 610 1103 670 secutus
1127 609 1320 683 opinionem,
1345 608 1384 668 ab
1409 608 1512 667 altera

237 735 350 780 omnes
377 722 499 795 priores
525 721 619 794 longe
643 724 785 797 superat.
811 722 957 798 Superat,
983 737 1058 783 cum
1078 722 1219 782 hominis
1243 721 1379 782 alicuius
1404 735 1511 780 mores

237 835 334 906 atque
363 835 529 907 ingenium
564 837 714 896 accurate
745 836 898 911 depingit,
935 852 1010 897 cum
1041 836 1079 896 de
1115 835 1245 910 Olympi
1279 835 1344 894 illis
1374 833 1509 909 legibue,

237 962 318 1020 quas
341 963 444 1020 neque
468 944 483 1007 ὁ
503 945 599 1026 τυχὼν
617 946 689 1020 θεὸς
709 949 847 1010 edixerit
868 965 971 1023 neque
992 949 1124 1010 saecula
1143 951 1310 1009 mutatura
1330 949 1405 1024 sint,
1423 947 1510 1008 canit

237 1060 287 1120 vel
319 1061 476 1138 loquitur3
509 1063 604 1139 cedit,
637 1077 712 1123 cum
743 1063 904 1124 iustitiam
927 1079 991 1124 non
1014 1063 1054 1123 ad
1078 1063 1155 1123 deos
1177 1063 1337 1136 pertinere
1361 1063 1453 1122 docet
1477 1063 1510 1121 et

237 1175 405 1251 rationem,
429 1191 511 1248 quae
535 1176 613 1236 deos
636 1177 722 1237 inter
744 1178 778 1237 et
801 1177 950 1237 homines
972 1176 1152 1252 intercedit,
1178 1175 1309 1236 omnino
1333 1175 1394 1234 sibi
1417 1174 1510 1248 fingit

235 1284 274 1358 ὡς
297 1284 335 1345 dv
358 1310 400 1359 τις
423 1281 463 1360 εἷς
486 1296 545 1348 τῶν
568 1297 700 1368 χρηστῶν
725 1289 893 1368 Ἀθηναίων
919 1291 1046 1361 (Athen.
1071 1291 1150 1351 XIII
1176 1291 1239 1350 604
1264 1292 1303 1361 d).
1321 1284 1340 1361 ¹)

280 1403 337 1463 Del
368 1404 454 1464 enim
485 1405 569 1478 apud
602 1406 793 1480 Sophoclem
823 1407 892 1466 sine
921 1408 1008 1467 certo
1041 1407 1174 1467 consilio
1206 1406 1308 1466 alium
1335 1404 1507 1464 mortalem

236 1515 398 1577 beneficiis
425 1533 552 1594 augere,
585 1519 686 1579 alium
711 1519 897 1581 calamitate
921 1535 1078 1596 premere,
1098 1519 1200 1580 aliurn
1223 1518 1316 1592 plane
1340 1517 1509 1600 neglegere

235 1632 394 1707 videntur,
427 1649 540 1723 verum
574 1634 722 1694 homines
754 1649 857 1708 poena
882 1636 914 1694 et
936 1634 1134 1709 poenitentia
1158 1632 1319 1706 meliores
1344 1629 1452 1690 dolore
1476 1630 1509 1689 et

235 1760 380 1806 maerore
398 1747 544 1820 puriores
565 1749 699 1809 reddant
723 1748 778 1809 alii
802 1748 855 1823 dii,
881 1749 925 1808 dii
948 1748 1114 1823 Sophoclei
1137 1763 1200 1807 non
1224 1745 1418 1818 didicerunt;
1445 1758 1508 1816 qua

234 1857 266 1917 in
286 1874 320 1918 re
340 1875 381 1919 ne
401 1860 583 1934 Aeschylus
603 1862 733 1935 quidem
755 1863 794 1922 011
816 1862 984 1922 meliorem
1005 1862 1170 1922 notionem
1188 1858 1353 1935 processit.
1369 1850 1390 1927 ²)
1404 1856 1508 1931 Quam

234 1986 329 2046 saepe
353 1974 509 2034 vocabula
531 1973 710 2052 praecpitem,
729 1975 878 2053 μετάνοια,
896 1977 985 2036 notio
1012 1976 1249 2052 „poenitentia”
1271 1973 1354 2047 apud
1373 1971 1504 2046 poetam

232 2087 382 2145 nostrum
402 2089 453 2148 101
464 2089 573 2162 potius
587 2089 670 2164 apud
683 2105 798 2150 omnes
809 2092 922 2164 poetas
935 2089 1042 2163 epicos
1055 2090 1088 2149 et
1098 2089 1239 2162 tragicos
1251 2085 1447 2147 occurrunt?
1462 2117 1503 2124 -

232 2197 301 2258 Non
322 2201 412 2260 novit
433 2201 511 2261 illud
536 2201 669 2262 Graecia
693 2203 836 2279 antiqua,
858 2202 992 2262 Graecia
1013 2201 1155 2276 Homeri,
1177 2200 1319 2274 Hesiodi,
1340 2197 1504 2273 Aeschyli,

235 2310 373 2389 Pindari,
398 2313 573 2388 Sophoclis

278 2425 315 2485 In
350 2427 490 2488 transitu
521 2442 638 2489 moneo
669 2444 723 2489 me
754 2429 793 2489 de
825 2429 887 2488 diis
918 2428 1050 2489 Graecis
1080 2428 1266 2500 loquentem
1298 2424 1442 2486 Platonis
1473 2423 1506 2483 et

234 2538 427 2613 scriptorum
458 2541 673 2616 posteriorum
705 2542 829 2603 nullam
862 2542 978 2602 habere
1011 2543 1189 2616 rationem;
1222 2539 1305 2614 apud
1333 2553 1413 2612 quos
1436 2537 1506 2597 sine

234 2652 328 2712 dubio
360 2653 442 2714 alias
471 2654 651 2729 reperimus
683 2642 874 2733 sententias,
904 2656 1137 2729 sedquoniam
1161 2656 1234 2730 post
1258 2653 1333 2714 belli
1357 2651 1506 2726 Pelopon·

233 2766 355 2827 nesiaci
378 2765 477 2828 finem
501 2769 654 2841 antiquus
678 2769 836 2844 Olympus
860 2785 934 2830 cum
960 2769 1110 2828 omnibus
1133 2767 1247 2828 11100110
1271 2766 1391 2827 corruit
1410 2766 1507 2837 atque

234 2879 359 2953 antiqui
374 2881 419 2941 dii
438 2881 532 2942 novis
551 2883 739 2943 numinibus
758 2885 935 2958 cesserunt,
958 2882 1120 2958 quoniam,
1146 2884 1182 2942 ut
1201 2881 1288 2941 idem
1308 2879 1381 2940 aliis
1401 2878 1508 2939 verbis

234 2993 350 3070 dicam,
381 2996 645 3070 philosophorum
677 2997 805 3057 scholae
837 2997 1005 3071 antiquam
1040 2997 1078 3056 de
1102 2995 1171 3056 diis
1200 2995 1382 3069 opinionem
1416 2991 1508 3052 valde

221 3109 460 3197 mutaverunt,
488 3125 572 3169 nova
595 3110 652 3171 illa
685 3111 804 3185 placita
836 3112 876 3171 ad
907 3112 1057 3183 antiquos
1089 3109 1165 3169 deos
1189 3108 1421 3181 intellegendos
1445 3121 1507 3166 non

234 3220 413 3283 adhibenda
444 3224 530 3282 sunt.
561 3222 713 3284 Graeciae
745 3224 843 3297 igitur
875 3224 1027 3298 antiquae
1051 3239 1091 3283 ne
1116 3223 1215 3282 nimis
1238 3222 1389 3297 pulchras
1412 3220 1507 3280 tribu-

234 3350 329 3395 amus
361 3337 399 3396 de
431 3336 550 3396 doloris
583 3338 614 3396 vi
647 3339 679 3398 et
711 3339 828 3398 effectu
859 3339 1035 3413 opiniones,
1065 3336 1212 3412 Sophocli
1234 3353 1275 3397 ne
1299 3336 1447 3396 notiones
1470 3333 1509 3392 de

233 3449 302 3508 deis
325 3450 534 3526 Aeschyleas,
561 3450 754 3527 Platonicae,
785 3451 985 3513 Christianas
1009 3451 1242 3512 adscribamus

270 3653 287 3718 ¹)
312 3657 454 3717 Sophoclea
479 3672 528 3704 non
553 3672 638 3718 unam,
662 3661 768 3715 certam,
793 3658 924 3705 delinitam
943 3659 1083 3706 doctrinam
1101 3657 1180 3703 habet
1198 3655 1353 3712 deienditve,
1371 3655 1417 3701 sed
1434 3654 1510 3700 modo

233 3735 320 3783 divino
337 3737 427 3783 afflatu
441 3738 562 3784 incitatus
580 3738 658 3784 altius
675 3738 701 3784 in
720 3751 761 3784 res
781 3737 947 3784 difficillimas
964 3740 1090 3798 penetrat,
1109 3737 1185 3783 modo
1202 3736 1234 3782 ad
1252 3736 1371 3794 vulgares
1388 3735 1509 3781 informa·

233 3815 316 3862 tiones
338 3817 507 3875 notioneaque
532 3817 623 3863 recidit
646 3830 697 3863 non
723 3817 927 3863 animadvertens
951 3818 1007 3872 hoc,
1026 3817 1095 3876 quod
1111 3829 1178 3862 nunc
1196 3816 1272 3872 dicat,
1290 3827 1433 3874 repugnare
1452 3827 1511 3860 cum

233 3907 273 3950 eo,
291 3895 359 3954 quod
379 3897 454 3942 antea
472 3895 668 3955 praedicaverit.

268 3969 288 4036 ²)
306 3975 378 4022 Unus
395 3976 476 4032 locus,
494 3976 539 4034 qul
555 3976 606 4022 11110
626 3976 711 4022 100010
729 3976 837 4032 videtur,
855 3976 880 4021 in
899 3977 986 4034 rigam.
1005 3975 1100 4034 legitur
1118 3973 1166 4034 (vs.
1187 3967 1345 4034 186—188):

534 4054 575 4100 τὸν
592 4063 686 4118 φρονεῖν
702 4055 800 4116 βροτοὺς
818 4054 875 4099 ὁδώ-

537 4149 616 4187 nawa,
636 4133 677 4179 τὸν
693 4135 768 4178 udan
785 4135 865 4189 μάθος

536 4211 609 4258 θέντα
627 4215 709 4276 κυρίως
727 4211 796 4270 flur.

267 4290 317 4337 Sed
336 4291 359 4336 10
373 4303 477 4349 quoque
495 4288 589 4337 melius
606 4293 655 4338 alia
672 4289 934 4349 rationeexplicatur;
954 4302 1044 4336 1010110
1062 4291 1109 4336 1911
1124 4290 1177 4352 παρ’
1194 4289 1293 4341 ἄκοντας
1310 4285 1365 4346 vltra
1388 4297 1514 4350 σωφρονεῖν

234 4372 260 4415 et
282 4369 392 4416 duorum
416 4370 580 4428 sequentum
606 4369 759 4416 sententiam
777 4381 834 4416 0000
852 4371 935 4428 patet:
956 4369 1028 4424 „Wer
1047 4369 1119 4415 nicht
1135 4369 1215 4415 hbren
1233 4368 1292 4424 will,
1307 4380 1377 4413 1111100
1397 4366 1510 4411 idhlen.'’

234 4447 391 4511 (Wecklein).
410 4449 465 4496 Non
487 4448 519 4495 ad
537 4449 652 4496 homines
670 4447 835 4507 corrigendos
854 4447 899 4494 sed
917 4447 949 4494 ad
966 4450 1064 4494 metum
1080 4448 1111 4494 iis
1127 4447 1290 4494 iniioiendum
1307 4446 1512 4504 Iupiterpoenas

234 4528 392 4589 repetitos.
411 4527 521 4576 eundem
540 4529 643 4576 chorum
662 4527 694 4574 de
712 4527 847 4587 Iphigenia
864 4529 976 4574 mactata
994 4540 1031 4573 10.
1050 4528 1105 4573 263.

746 4643 988 4656 --·—.-—..-..
