3536 5068
900 276 942 336 80

330 438 482 512 Aeschyl.
503 439 589 513 Sept.
612 440 663 513 70,
685 440 759 509 720,
777 438 851 498 880.
873 439 989 512 Agam.
1010 441 1105 502 1434.
1123 440 1260 518 Ohoeph.
1280 441 1555 518 923,924‚1052.

332 552 426 626 Soph.
451 551 527 613 Oed.
554 551 618 612 Ool.
647 554 741 613 1435.
765 552 872 627 111111.
897 554 977 615 Med.
1005 556 1099 616 1389.
1579 557 1581 560 ’

331 667 402 725 Iam
421 666 506 740 apud
525 666 725 741 Aeschylum
738 667 880 727 vidimus
893 670 981 728 vocis
1004 667 1133 748 ,accole
1153 666 1272 749 ἐρινύς”
1286 669 1557 744 significationem

286 780 518 854 pedetemptim
539 783 702 842 mutatam
722 797 805 858 esse,
827 782 883 842 sed
897 783 1079 855 genitivum
1092 799 1221 858 semper
1233 785 1369 845 eandem
1383 785 1557 844 retinuisse

288 895 353 952 vim
387 896 420 954 et
450 894 613 956 mansisse
643 895 835 972 genitivum,
868 899 903 956 11
937 897 983 958 ita
1014 897 1130 973 dicam,
1163 899 1389 958 subiectivum.
1423 898 1475 959 Sic
1506 899 1558 958 hic

286 1021 412 1081 quoque
433 1023 611 1084 pronomen
634 1009 867 1085 possessivum,
893 1011 976 1083 quod
996 1011 1132 1084 genitivi
1151 1026 1284 1072 munere
1305 1012 1459 1087 fungitur,
1480 1027 1556 1071 eum

285 1121 426 1182 indicare
457 1122 538 1181 mihi
570 1122 707 1198 videtur,
740 1123 795 1195 111
826 1123 925 1183 edidit
952 1124 1220 1185 exsecrationem.
1246 1125 1352 1184 Patris
1376 1125 1557 1185 exsecratio

286 1237 344 1296 hoc
374 1236 444 1296 loco
475 1237 761 1297 commemoranda
791 1238 851 1311 eet,
885 1250 986 1309 eaque
1009 1238 1042 1296 in
1067 1238 1210 1298 medium
1238 1239 1289 1298 est
1312 1238 1501 1313 proferenda
1523 1239 1558 1297 et

286 1352 364 1412 iacit
387 1354 527 1426 adrem,
549 1353 585 1411 ut
604 1349 661 1410 filii
682 1365 814 1410 causam
836 1366 899 1410 non
920 1367 992 1411 esse
1013 1352 1246 1426 desperandam
1266 1353 1358 1425 pater
1377 1352 1557 1426 intellegat,

286 1468 319 1524 et
344 1466 381 1524 11
411 1480 449 1525 ea
480 1464 519 1524 ab
543 1465 673 1524 auctore
698 1465 849 1523 revocata
872 1463 1041 1537 Polynices
1063 1480 1177 1525 rursus
1200 1465 1279 1525 felix
1304 1467 1402 1538 atque
1425 1480 1559 1540 prosper

286 1578 355 1638 fleri
388 1577 507 1653 possit;
542 1577 670 1650 generis
700 1592 777 1636 vero
809 1578 976 1638 miseriam
1007 1593 1111 1650 neque
1146 1573 1259 1639 tollere
1290 1594 1394 1651 neque
1428 1581 1558 1638 mutare

286 1707 385 1766 penes
408 1690 564 1765 Oedipum
590 1691 650 1750 est.

329 1807 409 1865 Arte
433 1820 508 1865 cum
531 1819 646 1864 versus
672 1804 756 1864 1299
780 1804 1044 1879 interpretatione
1069 1821 1117 1864 vs,
1146 1806 1230 1865 1375
1254 1806 1422 1866 cohaeret:

554 1911 667 1978 τοιάσᾶῗ
693 1914 767 1997 ἀρὰς
794 1927 880 2000 σφῷν
904 1916 1054 1996 πρόσθε
1077 1911 1097 1976 τ’
1124 1912 1238 1994 ἐξανῆκ’
1260 1915 1316 1997 ἐγὼ

554 2039 625 2091 νῦν
649 2026 668 2090 τ’
695 2028 902 2108 &venatoriam
927 2029 1097 2108 ξυμμάχους
1122 2028 1221 2090 ἐλθεῖν
1245 2028 1317 2108 ἐμοί.

329 2149 442 2210 Nauck
458 2145 612 2226 „apices”
626 2145 871 2220 interpretatur:
891 2160 985 2221 „cum
998 2145 1150 2205 nuntium
1161 2146 1312 2205 Ismenae
1324 2146 1558 2207 audivissem’'.

285 2264 355 2323 Non
386 2264 484 2336 recte,
515 2262 552 2321 11
583 2260 664 2319 mihi
696 2259 839 2332 videtur;
871 2255 986 2336 πρόσθε
1018 2259 1051 2318 61
1080 2265 1138 2316 νῦν
1169 2258 1257 2319 nullo
1288 2260 1383 2318 mode
1414 2259 1559 2333 intellegi

285 2376 431 2451 possunt,
466 2375 529 2434 nisi
563 2373 648 2448 quod
681 2371 810 2432 intersit
848 2370 1067 2443 intervallum,
1104 2373 1137 2432 et
1171 2373 1206 2435 si,
1234 2372 1373 2446 Oedipus
1408 2372 1559 2433 Ismenae

286 2490 420 2550 demum
451 2489 559 2548 audite
589 2487 702 2548 nuntio
726 2485 810 2546 filios
834 2485 1031 2560 exsecratur,
1056 2484 1176 2544 mirum
1201 2486 1338 2560 videtur,
1362 2486 1445 2558 quod
1469 2501 1559 2546 exse·

286 2604 473 2678 cretionem,
505 2617 603 2675 quam
635 2602 731 2661 antea
762 2599 926 2674 edidisset,
959 2613 1034 2659 cum
1067 2599 1176 2658 audito
1208 2599 1336 2659 oraculo
1368 2614 1404 2659 se
1434 2615 1498 2660 non
1526 2601 1560 2660 in

284 2718 425 2792 patriam
449 2716 655 2776 reduxissent
676 2713 744 2789 filii,
768 2727 854 2773 nunc
876 2713 983 2785 iterat,
1008 2713 1093 2784 quod
1116 2712 1286 2787 Polynices
1309 2713 1386 2773 olim
1407 2728 1442 2773 se
1463 2727 1559 2787 expu-

285 2830 369 2892 lerit.
394 2830 455 2890 Sed
478 2831 618 2904 poetam,
644 2843 706 2901 quo
729 2830 874 2900 tempore
899 2825 1068 2899 Oedipodis
1091 2840 1166 2886 cum
1192 2825 1343 2899 Polynice
1362 2827 1559 2900 colloquium

286 2947 320 3005 et
352 2945 437 3005 inter
471 2947 578 3003 cetera
614 2956 746 3002 versum
784 2940 867 2999 1375
904 2939 1068 3014 scriberet,
1104 2940 1161 2998 aut
1196 2939 1373 3000 adventum
1408 2941 1559 3000 Ismenae

285 3058 428 3119 nondum
451 3057 567 3117 fecisse
591 3057 647 3115 aut
671 3069 734 3114 non
756 3054 790 3113 in
814 3054 927 3113 drama
949 3055 1155 3127 recepturum
1180 3054 1290 3130 fuisse,
1316 3069 1393 3114 mox
1412 3055 1559 3129 pluribus

254 3155 257 3164 ¹
285 3172 507 3232 demonstrare
537 3169 684 3230 conabor.
716 3167 807 3227 Nunc
838 3182 970 3227 monere
1002 3168 1084 3226 satis
1115 3167 1217 3228 habeo
1248 3169 1331 3240 quod
1366 3168 1466 3228 etiam
1502 3168 1559 3229 alii

285 3289 360 3346 ente
384 3283 573 3358 Sophoclem
597 3280 798 3342 tradiderunt
822 3279 979 3354 Oedipum
1003 3279 1096 3356 filios,
1121 3295 1195 3340 cum
1216 3280 1254 3341 de
1278 3282 1356 3341 urbe
1379 3281 1557 3358 decederet,
1621 3344 1626 3351 ,

285 3400 490 3460 exsecratum
516 3412 588 3458 esse
613 3396 660 3466 (ut
683 3411 724 3454 ex
748 3395 842 3454 Paus.
867 3394 924 3470 IX,
950 3396 980 3470 b,
1007 3396 1046 3454 12
1072 3397 1104 3454 et
1127 3394 1273 3469 Apollod.
1298 3395 1356 3469 III,
1382 3397 1411 3471 5,
1433 3396 1557 3457 911111·

284 3527 359 3586 gere
392 3514 587 3586 possumus),
620 3512 652 3570 et
686 3506 859 3586 „michee”
893 3508 1025 3569 voculae
1056 3516 1113 3566 νῦν
1144 3508 1329 3583 oppositum
1360 3509 1430 3570 sine
1461 3510 1557 3570 dubio

284 3625 482 3700 significare:
511 3639 604 3700 „cum
627 3623 745 3683 Thebis
769 3622 968 3695 egrederer.”

330 3738 448 3816 Quodsi
482 3737 521 3796 ad
557 3751 688 3796 versum
726 3736 810 3797 1299
846 3735 1000 3811 redimus,
1036 3733 1092 3812 σὴν
1129 3732 1230 3815 ἐρινύν
1264 3736 1344 3796 nihil
1374 3737 1462 3797 aliud
1492 3738 1556 3798 nisi

284 3854 398 3913 tuem
429 3850 794 3924 exsecrationem,
825 3849 846 3909 i.
872 3865 899 3909 6.
927 3850 1185 3910 exsecrationem
1209 3849 1389 3926 Oedipodis,
1414 3851 1556 3911 hominis

284 3967 361 4041 vivi,
382 3963 563 4039 significare
583 3964 683 4038 patet,
703 3963 884 4023 Nauckium
905 3965 1026 4038 autem,
1048 3979 1122 4024 cum
1140 3965 1223 4039 apud
1235 3964 1424 4039 Sophoclem
1441 3979 1554 4024 vocem

284 4077 385 4160 ἐρινύν
415 4079 605 4154 plerumque
634 4093 698 4138 non
730 4078 824 4138 deam
856 4077 997 4139 indicare
1029 4093 1143 4154 neque,
1173 4079 1211 4138 ut
1237 4079 1320 4154 apud
1343 4078 1554 4155 Aeschylum,

284 4209 412 4269 semper
445 4193 485 4254 de
519 4192 704 4253 hominibus
737 4190 858 4252 nefarie
892 4191 1097 4266 interemptis
1128 4193 1287 4268 usurpari,
1323 4193 1379 4252 sed
1410 4207 1429 4252 a
1459 4194 1554 4266 poete

284 4308 393 4368 nostro
416 4307 530 4367 latiore
554 4321 651 4367 sensu
676 4304 819 4365 adhiberi
842 4319 905 4365 non
927 4306 1157 4380 recordaretur,
1182 4304 1216 4364 in
1236 4320 1376 4366 errorem
1401 4305 1554 4366 incidisse

283 4421 352 4482 veri
374 4420 482 4480 simile
506 4419 641 4480 videtur.

328 4533 410 4610 Quin
440 4534 552 4594 autem
583 4533 651 4594 vivi
678 4548 803 4606 quoque
835 4534 977 4596 hominis
1007 4531 1105 4613 ἐρινύς
1126 4550 1145 4594 a
1168 4535 1323 4610 Sophocle
1343 4536 1553 4611 memoretur,

283 4662 389 4724 neme,
422 4647 476 4720 qui
508 4662 640 4708 versum
667 4647 753 4708 1434
776 4647 901 4724 legerit,
926 4648 1095 4709 dubitabit.
1124 4648 1292 4722 Polynices
1316 4649 1403 4710 enim
1426 4651 1553 4723 petrem
