3536 5068
857 229 876 287 9

234 391 276 451 de
306 407 341 452 se
372 392 461 468 nihil,
485 392 541 452 sed
565 392 680 451 statim
704 406 780 451 cura
804 392 841 450 de
866 365 975 465 fratre,
1002 391 1041 449 ad
1066 388 1158 449 illurn
1183 389 1308 450 utinam
1333 406 1369 450 se
1394 392 1506 452 mittat

233 504 436 565 Athenarum
461 522 529 582 ren,
554 509 600 583 ut,
625 507 654 566 si
679 507 753 579 quid
778 507 852 565 boni
876 507 989 581 possit,
1014 506 1131 565 Thebis
1156 504 1284 565 efficiat.

280 617 385 679 Nolite
409 621 519 680 tamen
543 621 700 694 suspicari
724 636 765 679 err
790 620 909 680 virtute
934 635 1007 679 eam
1032 635 1184 692 quaerere
1204 619 1357 693 gloriam;
1383 621 1504 678 contra·

233 731 320 790 rium
345 733 458 793 docent
480 734 582 807 ipsius
606 735 719 809 verba;
744 750 821 794 narn
850 749 925 794 cum
951 735 1043 807 pater
1066 735 1139 806 post
1162 731 1302 792 filiarum
1327 749 1346 792 a
1371 732 1505 792 Creonte

233 845 270 904 vi
294 847 481 906 abactarum
504 849 643 907 reditum
670 848 849 908 exclamat:

743 953 765 1019 ὦ
790 954 898 1036 φίλτατ’
925 957 1005 1038 ἔρνη,

231 1073 388 1146 gaudium
411 1074 488 1134 illud
519 1075 678 1147 Antigona
701 1076 847 1134 modeste
870 1076 1001 1134 revocat
1020 1075 1060 1133 ad
1081 1073 1186 1146 legem
1206 1075 1352 1148 naturae,
1373 1087 1504 1133 omnem

231 1187 358 1260 prolem
381 1188 566 1261 parentibus
590 1203 662 1247 esse
685 1203 812 1248 caram:

555 1310 594 1383 τῷ
617 1298 729 1360 τεκόντι
751 1309 812 1359 πᾶν
836 1299 933 1376 φίλον.
1024 1304 1082 1370 (vs,
1110 1301 1205 1370 1108)

279 1412 391 1472 Nonne
421 1413 524 1486 ipsius
554 1417 668 1488 poetae
700 1415 752 1474 hic
784 1430 896 1476 veram
925 1417 1076 1475 tenemus
1100 1414 1321 1474 sententiam?
1345 1413 1429 1473 Nam
1453 1414 1504 1474 So·

231 1526 375 1602 phocles,
408 1542 505 1600 quern
536 1529 575 1588 de
606 1529 759 1601 religione
791 1531 824 1588 et
854 1530 1024 1590 honestate
1057 1544 1152 1601 saepe
1178 1513 1289 1587 secum
1310 1528 1505 1587 meditatum

231 1654 318 1715 esse,
350 1654 510 1713 quemque
540 1641 716 1701 identidem
743 1642 883 1702 alterum
908 1642 1048 1703 officium
1073 1658 1148 1702 curn
1172 1642 1273 1701 altero
1297 1643 1502 1713 comparasse

232 1753 341 1813 multa
363 1755 548 1830 ostendunt,
573 1755 627 1813 ubi
651 1756 732 1814 duas
754 1770 886 1828 prorsus
910 1756 995 1815 inter
1018 1772 1052 1814 se
1076 1757 1257 1830 pugnantes
1282 1755 1463 1814 sententias
1487 1769 1506 1812 a

231 1867 381 1941 personis
403 1868 436 1926 in
459 1883 556 1928 scena
579 1868 750 1940 agentibus
774 1869 900 1928 defendi
924 1869 1011 1944 facit,
1037 1885 1109 1928 ura
1133 1869 1296 1943 probanda
1319 1868 1372 1943 sit,
1397 1868 1505 1926 utram

233 1981 305 2054 ipse
336 1981 504 2056 improbet,
537 1981 677 2041 indicare
710 1981 802 2041 solet.
831 1982 984 2055 (Ulyxem
1009 1985 1041 2042 et
1064 1982 1195 2041 Atridas
1218 1981 1252 2039 in
1275 1980 1385 2039 fabula
1407 1979 1505 2053 Ajace

233 2093 378 2166 Ulyxem
399 2097 432 2154 et
451 2095 699 2168 Neoptolemum
718 2095 751 2153 in
768 2094 877 2154 fabula
889 2095 1066 2155 Philoctete
1076 2096 1274 2182 *Antigonam
1289 2095 1323 2153 et
1336 2092 1505 2153 Creontem

232 2207 268 2265 in
290 2207 398 2266 fabula
419 2207 581 2281 Antigona
601 2223 876 2268 commemorasse
897 2209 978 2268 satis
998 2212 1058 2283 est,
1080 2210 1210 2282 opinor).
1233 2208 1380 2266 Alterum
1395 2209 1505 2265 utrum

232 2320 335 2392 igitur
369 2323 522 2394 putemus
555 2295 688 2382 necesse
719 2323 785 2396 est3
823 2324 880 2381 aut
914 2323 1109 2395 Antigonam
1145 2337 1251 2381 errare
1287 2321 1507 2380 misericordia

231 2435 268 2492 et
299 2448 409 2494 amore
440 2436 632 2510 permotam,
667 2437 723 2494 aut
755 2435 910 2508 Oedipum
944 2437 1015 2495 odio
1047 2437 1080 2494 et
1103 2437 1151 2495 ira
1175 2435 1363 2509 impulsum.
1387 2433 1506 2493 Utrum

232 2547 303 2606 veri
335 2547 476 2607 similius
507 2548 658 2607 videtur?
691 2548 848 2608 Filiamne
881 2549 959 2624 salli,
992 2563 1074 2621 quae
1106 2563 1234 2622 semper
1265 2547 1450 2619 religiosam
1476 2547 1508 2602 et

231 2661 393 2736 sanctam,
426 2660 603 2721 officiosam
629 2663 661 2721 et
684 2661 772 2734 piam
796 2677 831 2721 se
855 2664 1011 2737 praestet,
1036 2676 1118 2734 quae
1142 2662 1251 2721 liberis
1274 2657 1507 2732 ignoscendum

232 2773 351 2846 verbis,
375 2777 502 2848 patrem
527 2775 696 2835 colendum
721 2790 793 2834 esse
817 2791 851 2834 re
874 2775 945 2848 ipsa
967 2775 1091 2850 doceat,
1116 2789 1157 2833 an
1180 2776 1318 2848 patrem,
1339 2771 1394 2844 qui
1414 2782 1509 2828 suam

231 2887 461 2947 tantummodo
492 2891 583 2948 curet
614 2887 765 2962 salutern,
798 2888 852 2960 qui
885 2888 1082 2962 praescripta
1114 2888 1147 2947 et
1178 2887 1330 2946 instituta
1361 2879 1513 2954 neglegat

232 2999 406 3075 maiorum,
441 3017 538 3073 quem
569 3001 693 3076 patriae
725 3002 863 3074 taedeat,
898 3001 952 3073 qui
977 3000 1061 3059 filies
1086 3001 1199 3074 oderit,
1225 2999 1318 3059 ouius
1341 2999 1380 3056 de
1404 2994 1514 3053 animo

232 3129 349 3188 aspero
372 3120 405 3176 et
430 3116 582 3177 iracundo
605 3114 728 3188 passim
753 3115 850 3173 verba
869 3112 974 3173 fiant?
