3536 5068
925 111 944 172 2

295 279 494 352 tragoediam
530 294 547 336 e
582 278 806 350 pulcherrimis
840 292 940 336 unam
975 293 1047 337 esse
1082 292 1119 336 ac
1154 292 1233 350 opus
1263 277 1466 349 postremum
1498 276 1563 336 fere

294 391 614 468 praestantissimum
647 391 748 451 fuisse
783 391 989 466 arbitrentur,
1027 390 1185 463 multique
1221 389 1317 448 huius
1352 390 1471 449 aetatis
1503 389 1563 448 viri

294 507 375 566 item
398 504 541 565 fabulam
564 503 713 564 laudibus
737 504 872 564 efferant
888 498 919 579 ¹),
945 505 1054 564 nostro
1074 505 1185 563 tamen
1205 502 1334 563 saeculo
1354 518 1416 562 non
1436 503 1563 576 desunt,

295 620 350 692 qui
373 618 477 678 multa
501 617 693 692 vituperent,
714 631 810 690 saepe
833 617 894 676 sibi
916 616 1083 690 displicere
1104 616 1212 676 dicant
1232 616 1440 690 tragoediam,
1460 615 1563 675 immo

294 748 374 807 opus
397 744 527 791 summo
550 730 846 805 maturrimum,
870 745 973 804 neque
998 730 1073 806 tale,
1102 729 1196 802 quale
1221 744 1306 788 nunc
1329 729 1518 804 habeamus,
1543 743 1563 788 a

296 844 449 920 Sophocle
473 844 628 917 scriptum
652 859 725 904 esse
748 844 902 904 censeant
916 837 948 914 2).

340 957 468 1017 Maioris
492 971 567 1015 vero
591 957 749 1015 momenti
773 957 851 1016 haec
874 957 954 1016 mihi
978 957 1104 1016 videtur
1128 955 1291 1030 quaestio:
1316 956 1391 1028 quid
1412 955 1473 1015 sibi
1495 955 1563 1014 vult

295 1072 403 1132 fabula
433 1071 568 1130 nostra?
599 1086 660 1144 quo
692 1071 825 1135 oonsilio
856 1087 875 1132 a
906 1071 1060 1145 Sophocle
1091 1071 1210 1145 scripta
1238 1070 1362 1129 estl'-
1382 1069 1450 1144 Oua
1473 1069 1507 1127 in
1530 1085 1564 1128 re

295 1200 495 1260 quamquam
524 1185 590 1244 iere
621 1201 735 1245 omnes
768 1186 853 1245 viros
883 1185 1045 1245 litteratos
1077 1184 1258 1244 consentire
1290 1184 1392 1259 video,
1425 1198 1499 1243 cum
1524 1183 1565 1242 iis

295 1299 401 1360 facere
431 1314 564 1374 aeque0,
595 1298 642 1358 ita
673 1300 707 1357 ui
730 1314 853 1371 ‘operae
884 1299 1024 1372 pretium
1048 1298 1128 1357 mihi
1154 1297 1299 1356 videatur
1324 1312 1434 1358 mcum
1459 1295 1563 1369 quale·

295 1429 433 1487 cumque
456 1413 610 1472 iudicium
634 1413 834 1486 argumentis
858 1413 1124 1485 documentisque
1149 1411 1338 1472 confirmare
1362 1410 1480 1470 conari.

340 1527 477 1586 Multum
501 1528 612 1586 autem
635 1526 763 1601 referre,
784 1526 839 1599 qui
860 1526 969 1586 fabula
988 1526 1173 1600 accipienda
1193 1526 1247 1600 sit,
1269 1527 1358 1584 hanc
1371 1525 1410 1584 ob
1431 1537 1566 1584 causam

295 1642 441 1717 arbitror,
471 1641 547 1713 quia
577 1640 722 1699 nonnulli
752 1640 811 1699 viri
842 1641 928 1700 docti
959 1642 1101 1713 censent,
1135 1654 1175 1698 ex
1199 1640 1259 1698 hac
1283 1638 1392 1698 fabula
1416 1636 1564 1710 cognosci

295 1771 400 1831 posse,
432 1754 506 1827 quid
535 1754 573 1813 de
605 1754 773 1814 hominum
804 1754 919 1814 officiis
950 1756 984 1814 et
1006 1754 1182 1814 virtutibus
1205 1754 1307 1825 deque
1331 1753 1465 1812 deorum
1488 1766 1563 1810 eum

294 1869 335 1928 iis
367 1868 560 1928 commercio
582 1869 677 1942 poeta
701 1869 848 1928 senserit.
877 1868 963 1943 Quas
988 1868 1153 1942 Sophoclis
1178 1867 1359 1927 sententias
1382 1866 1565 1946 compertas

296 1981 412 2041 habere
436 1980 528 2040 nobis
551 1995 690 2053 magnae
714 1982 765 2040 est
788 1981 940 2055 utilitati;
965 1983 1095 2055 poetam
1120 1981 1207 2040 enim
1234 1979 1403 2051 antiquum
1426 1980 1458 2038 et
1478 1992 1565 2052 prae·

296 2095 410 2154 sertim
433 2095 563 2168 poetam
585 2094 746 2165 tragicum
770 2108 828 2154 suo
853 2095 954 2167 pretio
978 2094 1152 2153 aestimare
1178 2095 1211 2154 et
1229 2093 1358 2167 penitus
1378 2091 1565 2164 intellegere

296 2223 391 2268 nemo
421 2207 537 2282 potest,
569 2207 646 2278 quin
677 2206 765 2265 illius
794 2208 908 2284 poetae
939 2207 1104 2281 opiniones
1135 2206 1333 2279 theologicas
1365 2209 1397 2265 et
1429 2204 1563 2278 ethicas,

296 2336 378 2394 quae
401 2321 560 2396 dicuntur,
586 2322 665 2381 bene
688 2322 897 2395 perspexerit.

341 2436 390 2495 Ad
421 2427 565 2494 fabulam
595 2449 671 2494 vero
700 2438 847 2495 nostram
874 2437 960 2496 reete
984 2435 1233 2508 intellegendam
1259 2434 1351 2508 duae,
1375 2433 1438 2492 nisi
1462 2430 1565 2506 fallor,

297 2565 348 2608 res
380 2549 465 2624 sunt,
497 2563 578 2622 quae
611 2550 759 2608 accurate
790 2550 1026 2622 perpendantur
1057 2565 1190 2609 necesse
1214 2551 1282 2623 est;
1308 2549 1402 2622 prior,
1427 2531 1502 2619 quid
1527 2545 1564 2605 de

297 2661 455 2736 Oedipode
488 2663 521 2721 et
551 2662 589 2721 dc
614 2662 810 2722 elusindole
837 2663 987 2735 vitiisque
1010 2664 1080 2736 ipse
1104 2662 1295 2722 iudicaverit
1318 2663 1423 2736 poeta,
1450 2660 1562 2734 altera,

296 2777 457 2848 quatenus
485 2775 568 2849 apud
595 2780 725 2848 poetam
748 2778 897 2835 nostrum
921 2777 953 2835 in
978 2776 1147 2850 Oedipodis
1171 2776 1239 2834 vita
1263 2776 1383 2834 misera
1407 2775 1564 2846 beataque

296 2890 400 2947 morte
422 2889 567 2962 potestas
591 2891 740 2947 cernatur
764 2889 943 2950 Furiarum.
968 2890 1014 2948 De
1038 2893 1174 2964 utraque
1198 2906 1232 2949 re
1257 2891 1464 2949 controversa
1489 2903 1564 2947 non·

295 3001 384 3061 nulla
415 3002 597 3080 disputare,
620 3016 720 3073 quam
747 3001 919 3075 Sophocles
944 3018 996 3078 me
1020 3003 1123 3064 iudice
1149 3003 1302 3076 Oedipodi
1326 3003 1475 3062 tribuerit
1498 3017 1564 3076 per-

297 3133 421 3194 sonam,
457 3119 489 3177 et
523 3117 598 3190 quid
633 3118 718 3178 inter
752 3111 917 3193 Sophoclis
957 3123 1053 3193 atque
1089 3121 1242 3194 Aeschyli
1276 3119 1390 3178 Furias
1425 3115 1564 3190 intersit,

296 3232 502 3306 investigare,
536 3233 710 3307 postremo,
754 3233 829 3306 quid
864 3234 902 3294 de
937 3236 997 3294 hac
1032 3234 1140 3293 fabula
1175 3247 1286 3292 meum
1321 3232 1364 3291 sit
1398 3230 1564 3304 iudicium,

297 3360 456 3418 exponere
479 3345 530 3404 his
553 3345 681 3419 paginis
703 3346 736 3404 in
761 3347 870 3406 animo
893 3347 1006 3408 habeb.

331 3598 351 3665 ¹)
369 3600 398 3647 In
413 3601 502 3660 primis
514 3603 538 3648 J.
553 3603 580 3648 P.
598 3603 717 3661 Meheffy.
735 3603 840 3661 History
857 3605 886 3650 oi
902 3604 985 3651 Greek
1004 3604 1128 3649 Olassikal
1146 3604 1309 3653 Litterature.
1329 3608 1435 3654 London
1455 3610 1526 3654 1883.
1544 3608 1565 3663 Ι,

262 3675 266 3680 ’
297 3683 357 3727 305:
383 3682 449 3736 „But
471 3694 503 3726 on
528 3681 571 3727 the
592 3681 682 3739 whole,
706 3683 745 3728 for
767 3683 865 3741 vigour,
887 3684 927 3729 for
948 3683 1046 3740 variety
1067 3683 1117 3728 and
1135 3684 1174 3729 for
1191 3685 1275 3743 poetic
1292 3685 1395 3747 beauty,
1413 3701 1445 3732 no
1463 3687 1523 3746 play
1541 3687 1569 3730 01

296 3760 434 3820 Sophocles
460 3761 568 3806 exceeds
589 3761 641 3806 this
664 3761 777 3820 Oedipus
801 3761 850 3807 and
872 3761 885 3807 Ι
909 3775 950 3807 am
974 3774 1037 3808 even
1055 3761 1173 3822 disposed
1195 3765 1222 3810 to
1240 3778 1316 3822 agree
1333 3766 1393 3811 with
1411 3767 1493 3821 those,
1510 3765 1566 3810 who

294 3840 357 3885 rank
374 3839 395 3884 it
411 3839 454 3885 the
471 3839 528 3885 first
544 3840 573 3885 oi
588 3839 628 3885 his
646 3837 780 3886 drama’a.''
1003 3843 1005 3846 '

329 3919 441 3964 Maurice
464 3918 569 3964 Oroiset.
594 3919 706 3964 Histoire
728 3919 760 3964 de
782 3919 807 3964 la
830 3919 986 3966 Litterature
1004 3921 1130 3980 Grecque.
1151 3923 1223 3969 Paris
1243 3924 1314 3968 1891.
1335 3921 1382 3978 III,
1401 3923 1462 3967 211:
1482 3922 1567 3983 „O'est

296 4000 417 4057 pourtant
433 3996 529 4043 unedo
544 3997 630 4054 celles,
649 3998 711 4043 dont
728 3998 752 4043 le
771 3998 874 4044 charme
892 4002 931 4044 est
948 4000 972 4046 le
990 4001 1049 4058 plus
1069 4001 1229 4059 penetrent.''

329 4077 392 4124 Paul
418 4076 450 4122 de
476 4076 652 4122 Salui-Victor.
678 4076 729 4122 Les
753 4076 820 4123 deux
847 4079 975 4136 Masques.
999 4080 1070 4125 Paris
1095 4081 1167 4125 1895.
1194 4079 1220 4124 ΙΙ
1247 4080 1305 4124 181:
1335 4078 1423 4132 „Oette
1449 4072 1565 4122 dernibre

295 4155 409 4214 tragedia
427 4155 459 4200 de
477 4154 601 4213 Sophocle
619 4155 686 4202 n'est
703 4156 775 4214 point
793 4157 912 4217 sublime,
930 4158 979 4204 elle
998 4161 1038 4204 est
1054 4157 1216 4204 venerable.''

327 4236 362 4282 Μ.
384 4235 466 4280 Patin.
484 4215 581 4280 hitudes
598 4247 642 4278 sur
659 4234 697 4280 les
715 4235 856 4293 Tragiques
877 4237 965 4283 (ireos.
985 4239 1057 4283 Paris
1077 4239 1148 4283 1865.
1168 4237 1201 4288 ΙΙ,
1220 4238 1281 4281 248:
1301 4248 1345 4290 ,ce
1367 4235 1428 4280 chef
1445 4233 1566 4281 d'oeuvre

293 4315 325 4362 de
343 4328 389 4361 aon
407 4309 520 4359 extreme
537 4312 683 4358 viellesse.''

325 4388 347 4458 2)
364 4392 519 4440 Praesertim
536 4391 583 4438 Ad.
601 4391 686 4439 Schtill
704 4393 739 4438 l.l.
758 4395 784 4438 et
801 4394 886 4439 Aliard
906 4395 1017 4441 Pierson.
1035 4394 1131 4440 Hellas.
1149 4395 1269 4440 Haarlem
1289 4394 1361 4440 1891.
1381 4393 1402 4450 Ι,
1421 4395 1478 4439 350.
