3536 5068
812 241 852 303 ai

193 421 273 466 mox
296 421 485 481 supremum
510 406 662 480 spiritum
686 421 758 466 esse
783 406 944 465 editurum
971 405 1084 479 nescit,
1108 404 1177 478 ipse
1199 403 1326 464 Thebas
1350 403 1465 464 statim

193 519 353 594 proficisci
376 536 488 580 secum
513 520 693 595 constituit,
718 520 774 579 sed
802 518 1014 578 nihilominus
1037 518 1133 576 timet
1156 532 1196 576 ne
1220 515 1253 576 in
1278 533 1316 576 ea
1339 517 1468 591 expedi-

196 634 284 693 tione
311 631 440 711 ηπατρὸς
461 631 579 711 ἐρινύς”
601 634 641 692 11
662 633 835 707 perniciem
858 647 894 691 se
914 633 999 704 agat.
1021 631 1104 704 Ergo
1125 645 1188 690 vox
1208 628 1336 708 ηπατρὸς
1349 627 1468 707 ἐρινύς”

195 749 230 806 01
253 762 300 806 11.
328 747 412 807 1299
438 749 470 805 et
495 763 541 807 vs.
565 749 649 806 1436
670 745 911 820 interpretanda
932 747 999 805 est:
1025 745 1235 820 ,exsecratio
1258 759 1356 817 quam
1378 746 1470 818 pater

196 861 313 934 edidit,
350 862 383 919 et
416 875 499 931 quae
533 859 636 919 filium
673 860 897 934 pessumdat,’'
934 860 967 918 et
1002 861 1137 930 utroque
1172 857 1241 918 loco
1277 857 1470 918 vocabulum

197 975 333 1034 eandem
356 974 455 1034 babet
478 974 546 1033 vim
571 976 605 1034 et
630 973 912 1047 significationem.

712 1199 954 1208 -——-——

240 1355 328 1430 Quae
363 1359 447 1432 apud
483 1358 672 1433 Sophoclem
707 1361 740 1418 in
775 1359 909 1432 reliquis
944 1357 1063 1419 fabulis
1097 1358 1136 1416 de
1171 1357 1277 1416 Furiis
1308 1357 1469 1431 audimus,

196 1483 328 1541 prorsus
363 1486 426 1531 non
460 1486 635 1544 congruere
671 1488 746 1532 cum
782 1471 936 1545 Aeschyli
971 1469 1254 1530 informationibus
1284 1470 1350 1528 iam
1375 1474 1472 1528 autea

195 1581 281 1657 dixi3
317 1598 403 1643 nunc
437 1585 498 1644 hoc
543 1599 669 1658 quoque
705 1587 829 1646 clarum
866 1600 938 1644 esse
973 1587 1050 1658 puto
1087 1585 1119 1643 in
1152 1582 1311 1656 Oedipode
1336 1581 1472 1643 Ooloneo

196 1696 310 1756 eodem
345 1698 440 1757 modo
475 1713 548 1757 sese
582 1714 652 1758 rem
687 1699 814 1759 habere.
848 1699 963 1759 Furiae
996 1697 1128 1757 ultrices
1159 1697 1244 1771 apud
1273 1697 1472 1770 Aeschylum

196 1811 312 1871 vivunt
344 1812 527 1886 vigentque,
561 1813 645 1886 apud
669 1812 858 1886 Sophoclem
883 1813 950 1872 11111
975 1826 1129 1884 magnam
1153 1811 1326 1884 potestatis
1345 1813 1471 1883 partem

196 1923 379 1984 amiserunt
402 1928 436 1985 et
460 1926 555 1985 annis
578 1927 783 1987 volventibus
817 1927 963 1987 debitum
987 1926 1204 1986 reddiderunt.

241 2037 367 2097 Nomen
403 2039 538 2098 dearum
573 2040 656 2114 apud
692 2042 821 2114 poetam
856 2041 1005 2099 nostrum
1040 2039 1237 2113 invenimus,
1270 2038 1330 2096 sed
1354 2053 1472 2099 nomen

196 2149 285 2209 istud
309 2165 407 2224 saepe
430 2167 494 2211 non
515 2152 656 2226 amplius
679 2153 719 2212 ad
740 2153 818 2213 deas
838 2153 1026 2214 indicandas
1048 2152 1105 2211 sed
1133 2151 1174 2211 ad
1197 2165 1245 2225 ea,
1267 2166 1349 2224 quae
1375 2152 1472 2211 homo

196 2264 276 2324 dicit
302 2264 353 2324 vel
378 2266 488 2340 sentit,
513 2281 596 2339 quae
619 2267 761 2327 bominis
784 2282 838 2328 ore
870 2266 957 2327 edita
980 2267 1103 2327 homini
1127 2266 1244 2324 nocent
1265 2265 1297 2324 et
1317 2264 1472 2338 officiunt,

199 2376 369 2437 indicanda
399 2382 574 2453 usurpatur
606 2383 638 2440 01
672 2396 769 2455 saepe
793 2382 832 2441 de
856 2380 1054 2455 numinibus,
1080 2394 1162 2452 quae
1187 2379 1237 2438 dis
1260 2379 1387 2453 superis
1410 2393 1472 2438 ser-

200 2491 293 2550 viunt
327 2493 359 2550 et
390 2493 515 2566 legibus
546 2495 651 2567 magis
682 2510 781 2568 quam
806 2495 953 2569 personis
977 2493 1098 2553 similia
1123 2493 1212 2566 sunt,
1237 2492 1415 2553 adhibetur.
1441 2492 1481 2552 Si.

200 2604 325 2674 quando
359 2621 479 2666 nomen
514 2607 602 2680 ipsas
637 2608 757 2668 indicat
791 2609 905 2667 Furias
937 2605 1168 2683 αὐτοκράτορας,
1201 2605 1360 2665 eiusmodi
1384 2607 1472 2681 locis,

203 2729 283 2787 quae
312 2720 437 2792 antiqui
461 2720 610 2780 dicebaut
634 2722 685 2780 101
709 2722 882 2781 credebant
905 2722 938 2779 in
964 2719 1157 2779 memoriam
1181 2732 1332 2778 10100110
1357 2718 1471 2793 Sopho-

201 2827 266 2888 cles
301 2831 438 2907 videtur,
471 2849 534 2892 non
568 2849 608 2893 ex
632 2835 734 2894 animi
757 2835 920 2902 sententia
943 2848 1022 2893 suas
1045 2832 1185 2906 proferre
1209 2831 1472 2907 informationes;

199 2942 239 3002 ad
269 2943 413 3004 fabulam
448 2962 522 3006 vero
547 2948 803 3020 componendam
827 2961 995 3020 nunquam
1020 2945 1102 3005 11111
1126 2945 1309 3018 argumenti
1333 2947 1362 3004 01
1385 2962 1473 3021 prae·

199 3056 346 3119 buerunt.

243 3169 303 3229 Sed
324 3187 525 3245 quamquam
542 3167 678 3253 Ἐρινύες
699 3177 782 3249 apud
802 3181 932 3249 poetam
956 3176 1022 3236 vita
1043 3178 1164 3251 carent,
1186 3171 1349 3250 Εὐμενίδες
1369 3174 1474 3234 adhuc

198 3283 322 3343 vivunt.
343 3286 442 3346 POOta
462 3290 534 3361 plus
557 3323 597 3331 -
620 3286 746 3367 καὶγὰρ
767 3282 808 3360 εἷς
825 3281 863 3367 ἦν
886 3297 944 3348 τῶν
972 3288 1209 3366 θεοσεβεστάτων
1234 3288 1348 3359 (Schol.
1373 3288 1473 3348 Elect.

197 3396 273 3465 831)
287 3414 404 3459 -non
428 3401 555 3462 dubitat
578 3404 617 3463 de
642 3403 774 3479 deabus
799 3419 881 3477 quas
905 3404 1021 3463 civitas
1045 3403 1139 3476 colit;
1165 3404 1226 3463 1110
1246 3402 1278 3461 111
1304 3402 1379 3463 Oed.
1407 3402 1472 3464 Ool.

196 3516 428 3589 memorantur,
460 3516 517 3577 sed
551 3517 710 3590 Oedipum
742 3518 775 3576 in
808 3518 916 3578 lucum
950 3533 1048 3576 suum
1072 3518 1230 3591 recipiunt
1253 3517 1396 3592 fortuito,
1422 3517 1474 3576 vel

195 3625 303 3698 potius
333 3641 396 3687 non
420 3628 553 3689 fortuito
578 3645 694 3692 verum
718 3630 802 3702 quod
826 3631 985 3690 miserum
1008 3645 1117 3703 regem
1141 3630 1225 3704 apud
1249 3644 1305 3688 eas
1329 3631 1494 3703 quietem·

194 3739 359 3800 invenisse
391 3743 573 3816 antiquitus
606 3743 744 3803 Athenis
773 3743 896 3804 valeret
927 3743 1042 3817 opinio,
1070 3757 1167 3814 quam
1192 3744 1486 3816 0001111010-

195 3853 373 3927 accepisset
388 3848 419 3924 ¹).
445 3855 516 3916 Non
538 3859 610 3918 sine
632 3871 730 3917 causa
750 3872 829 3917 sane
850 3858 973 3929 antiqui
993 3856 1141 3916 homiues
1161 3856 1332 3929 Oedipodis
1345 3859 1473 3918 exitum
1495 3867 1500 3880 ·

193 3966 226 4024 iu
250 3966 465 4028 Eumenidum
492 3969 565 4031 luco
590 3970 840 4045 collocaverunt,
866 3985 980 4029 verum
1004 3969 1136 4029 easdem
1160 3970 1351 4044 10110010
1375 3973 1474 4030 111101

194 4081 308 4142 Furiae
340 4082 494 4155 Oedipodi
517 4085 769 4160 prosperitatem
797 4087 830 4144 et
853 4084 1017 4144 fortunam
1042 4073 1251 4157 ademissent,
1276 4082 1475 4145 Eumenides

193 4194 297 4254 factas
325 4197 441 4256 mortis
462 4198 611 4271 quietam
632 4200 665 4258 et
685 4197 919 4258 beatitudiuem
943 4197 973 4256 ei
996 4197 1161 4270 praestare
1186 4198 1341 4272 fecerunt,
1365 4198 1414 4259 ita
1438 4199 1475 4256 ut

226 4471 244 4532 ¹)
266 4476 379 4523 Eandem
403 4478 561 4529 sententiam
586 4480 658 4540 apud
681 4479 830 4534 Schdllium,
855 4478 947 4526 Gesch.
966 4477 1011 4523 der
1028 4478 1071 4524 Or.
1089 4478 1138 4525 Lib.
1157 4478 1178 4538 1,
1197 4478 1253 4533 241,
1271 4479 1385 4539 repperi:
1408 4477 1478 4534 „Der

192 4554 325 4601 Veriasaar
346 4555 414 4602 sieht
435 4555 461 4602 in
484 4556 585 4611 diesem
609 4559 735 4606 Umstand
757 4556 829 4622 (dass
846 4559 893 4605 der
911 4558 985 4605 Greia
1002 4558 1037 4603 im
1054 4557 1120 4603 Hain
1138 4557 1183 4602 der
1201 4557 1314 4614 Erinyen
1331 4558 1405 4606 Ruhe
1424 4556 1478 4602 und

191 4631 211 4678 1⁴¹
213 4633 299 4680 rieden
315 4630 406 4690 findet)
425 4634 511 4683 nichts
528 4644 624 4690 1101111
642 4639 679 4684 ala
697 4637 738 4685 die
754 4638 963 4696 Anaohmiegung
980 4650 1012 4682 an
1029 4636 1085 4682 eiua
1102 4634 1367 4684 Nationaltradition.''

1379 4726 1394 4769 6
