3536 5068
888 249 930 309 42

316 413 356 476 Et
376 405 452 472 sub
477 413 646 472 deorum
667 412 808 472 tutela
831 413 872 471 et
895 412 992 486 pius
1015 427 1157 472 eorum
1182 413 1323 472 cultor
1347 427 1455 487 sum,
1476 412 1544 484 qui

273 527 349 587 huo
377 525 484 586 veni.
509 524 569 600 Qui
592 525 653 601 dei,
674 526 711 585 ut
730 540 827 599 supra
847 525 924 601 dixi,
950 527 1094 585 mentem
1115 527 1148 585 et
1169 526 1315 586 animum
1336 541 1398 585 non
1419 530 1543 601 curant,

272 641 328 701 sed
352 640 457 714 magis
481 654 534 699 res
554 639 641 699 vitae
661 641 815 700 externae
838 639 1114 714 animadvertunt,
1135 639 1216 700 vitia
1236 654 1273 700 ao
1294 640 1434 700 virtutes
1454 641 1545 714 parri

269 753 435 814 facientes.
461 752 575 826 Itaque
601 753 668 812 viro
692 767 745 813 res
768 753 924 814 adversae
944 767 1007 812 non
1028 752 1190 827 puriorem
1211 752 1366 827 praebent
1386 752 1544 828 animum,

269 882 373 940 neque
397 882 508 942 senex,
533 867 708 940 antequam
732 867 901 926 aeternum
927 865 1115 940 adipiscitur
1138 867 1304 942 honorem,
1330 868 1464 927 sanctus
1487 865 1545 926 fiat

270 982 405 1056 oportet.
430 979 576 1041 Gratiam
589 980 748 1054 videmus,
773 978 818 1038 nil
841 978 905 1038 nisi
928 977 1078 1052 gratiam,
1103 978 1137 1037 et
1160 978 1391 1039 concludamus
1411 995 1545 1041 necesse

271 1096 337 1155 est:
373 1093 549 1170 ,Oedipum
583 1092 756 1153 Coloneum
788 1106 851 1151 non
883 1093 1034 1152 sanctum
1066 1091 1231 1152 hominem
1269 1093 1326 1152 sed
1361 1109 1492 1154 sacrum
1526 1103 1545 1153 a

271 1210 366 1282 poeta
390 1205 499 1282 fingi.”

315 1323 386 1382 Iam
410 1321 493 1380 satis
517 1319 572 1379 diu
595 1319 633 1380 de
657 1318 827 1394 Oedipodis
854 1319 1039 1394 sanctitate,
1065 1333 1164 1392 quam
1189 1320 1340 1380 statuunt
1364 1320 1425 1380 viri
1449 1321 1543 1397 docti,

271 1435 377 1509 egisse
400 1434 481 1494 mihi
505 1433 614 1494 videor
621 1451 629 1509 ;
654 1432 694 1493 ad
714 1433 853 1493 alteram
874 1432 1099 1506 quaestionem
1120 1433 1258 1493 transire
1278 1434 1312 1493 et
1331 1449 1413 1507 quae
1433 1438 1544 1496 nostra

271 1549 304 1607 in
335 1547 500 1620 tragoedia
524 1547 694 1606 Furiarum
717 1561 771 1606 me
797 1546 899 1607 ludios
919 1548 1028 1621 partes
1052 1546 1129 1622 sint,
1155 1561 1314 1621 exponere
1332 1547 1413 1607 mihi
1436 1548 1542 1609 liceat.

273 1661 360 1736 Quod
392 1663 568 1732 antequam
599 1659 728 1736 faciam,
760 1659 913 1734 Aeschyli
949 1659 1178 1733 Sophoclisque
1210 1661 1248 1720 de
1279 1661 1364 1720 Diris
1394 1662 1542 1722 notiones

272 1776 368 1847 atque
400 1773 646 1833 informationes
669 1773 753 1834 inter
776 1789 812 1834 se
835 1787 1021 1848 comparare
1046 1773 1130 1832 haud
1154 1773 1269 1833 inutile
1293 1773 1374 1833 mihi
1398 1774 1541 1849 videtur;

272 1887 418 1961 neglecto
450 1887 536 1946 enim
569 1887 765 1963 discrimine,
796 1887 880 1960 quod
908 1887 992 1946 inter
1015 1887 1190 1959 utrumque
1212 1887 1373 1960 tragicum
1396 1887 1542 1963 interest,

273 2016 387 2062 omnes
411 2000 476 2060 iere
502 2000 588 2060 viros
611 2001 721 2060 doctos
745 2000 893 2075 Sophocli
918 1999 1081 2075 tribuisse,
1106 2001 1189 2072 quod
1213 2000 1379 2074 Sophoclis
1403 2015 1465 2060 non
1489 2000 1543 2077 sit,

273 2117 307 2174 et
337 2129 419 2186 quae
451 2113 578 2174 fabulae
609 2116 738 2174 nostrae
769 2129 832 2173 non
860 2114 970 2189 insint,
998 2115 1109 2173 tamen
1135 2114 1208 2174 inde
1232 2114 1365 2174 duxisse
1388 2115 1543 2189 arbitror,

273 2227 373 2287 simul
406 2229 516 2287 autem
548 2242 642 2301 spero
670 2228 747 2303 iore,
776 2229 812 2286 ut
835 2227 923 2287 locos
946 2227 1104 2299 quosdam
1128 2228 1175 2288 sio
1199 2227 1317 2287 melius
1340 2227 1545 2303 interpretari

271 2342 403 2417 possim.
