3536 5068
907 271 948 329 86

298 428 414 488 παιδῶν
435 427 541 509 ἐναγὴς
561 428 713 508 ὑπάρχων,
733 429 900 509 ἐκβάλλεται
921 439 970 508 τῆς
990 431 1101 502 πόλεως
1121 428 1170 490 καὶ
1191 428 1288 490 ἐλθὼν
1307 430 1347 502 εἰς
1359 429 1410 490 τὸν
1423 429 1569 491 Κολωνὸν

298 538 347 598 καὶ
371 531 541 620 τελευτήάας
567 542 628 603 ἐκεῖ
645 544 797 604 θάπτεται·
818 542 968 604 ἐλθόντων
993 542 1025 603 δέ
1047 564 1117 603 ποτε
1141 544 1283 622 Θηβαίων
1302 541 1376 603 κατὰ
1399 543 1570 621 Ἀθηναίων

298 652 483 730 ἐπιφαίνεται
504 657 648 729 Οἰδίπους
662 659 841 736 Ἀθηναίοις,
852 659 979 718 κελεύων
991 657 1101 730 αὐτοὺς
1113 655 1409 736 ἀντιπαρατάξασθαι
1424 659 1571 737 Θηβαίοις

298 768 499 846 θαρρούντως·
522 768 572 828 καὶ
595 771 795 850 συμβαλόντες
820 769 960 849 ἐνίκησαν
983 770 1101 842 αὐτούς.

344 881 426 942 Sane
457 884 598 944 narratio
622 887 735 959 postea
761 884 838 958 tingi
861 886 976 961 potuit,
1001 886 1058 944 sed
1081 885 1127 944 nil
1150 885 1268 961 obstat,
1293 885 1466 958 quominus
1491 887 1569 962 iam,

298 997 487 1070 priusquam
522 1001 721 1073 tragoediam
757 1000 908 1060 ultimam
945 1000 1117 1073 Sophocles
1155 1001 1329 1076 inchoavit,
1364 1000 1441 1061 talis
1472 1002 1571 1061 fuerit

299 1109 388 1170 tama
418 1114 451 1170 et
481 1127 587 1172 sermo
619 1113 788 1173 hominum
816 1117 848 1174 et
872 1110 954 1172 atra
976 1113 1033 1188 1111,
1058 1113 1113 1185 qui
1135 1112 1214 1172 illud
1238 1113 1418 1190 tradebant,
1443 1113 1476 1172 in
1499 1129 1569 1174 nar-

300 1224 398 1282 rando
429 1239 492 1284 non
522 1226 651 1299 poetam
682 1228 786 1287 secuti
817 1228 892 1302 sint,
925 1228 982 1286 sed
1015 1241 1116 1298 aeque
1148 1228 1244 1298 atque
1279 1227 1374 1299 poeta
1404 1242 1569 1286 rumorem

300 1337 496 1410 popularem.

344 1449 425 1509 llam
449 1452 559 1510 autem
588 1451 627 1510 ad
651 1467 720 1510 rem
744 1451 967 1512 celebrandam
992 1451 1077 1510 inter
1100 1450 1182 1511 alias
1206 1466 1323 1511 causas
1345 1454 1475 1527 poetam
1499 1468 1570 1513 con·

300 1564 468 1638 scripsisse
503 1565 647 1625 fabulam
682 1567 810 1640 propter
844 1565 965 1625 multos
999 1565 1096 1640 locos,
1132 1565 1249 1638 quibus
1283 1567 1343 1626 hoc
1374 1567 1414 1626 ad
1446 1567 1568 1626 factum

301 1677 454 1737 alluditur
488 1679 562 1748 (vid.
599 1695 645 1738 vs.
689 1680 763 1754 402,
799 1680 874 1754 411,
913 1680 1007 1755 1764,
1047 1678 1202 1751 aliosque)
1236 1679 1398 1752 probabile
1433 1680 1570 1740 videtur.

300 1791 427 1851 Bellum
458 1792 556 1864 igitur
588 1792 639 1852 vel
670 1793 858 1853 inimicitiae
889 1791 1152 1866 Atheniensibus
1183 1807 1246 1864 quo
1274 1793 1419 1866 tempore
1442 1794 1570 1866 partem

301 1905 428 1965 fabulae
459 1906 618 1965 scribebat
646 1908 751 1982 poeta,
784 1921 859 1965 cum
891 1905 1051 1964 Thebanis
1082 1905 1152 1964 erat
1177 1918 1281 1976 neque
1304 1905 1476 1978 quicquam
1501 1909 1572 1966 erat-

300 2033 428 2093 causae,
464 2033 520 2078 cur
555 2018 727 2093 sophocles
761 2021 800 2080 de
829 2020 989 2079 industria
1023 2020 1080 2078 aut
1111 2017 1251 2092 priorem
1281 2019 1461 2078 amicitiam
1495 2034 1571 2078 oum

301 2131 430 2192 Boeotis
473 2134 529 2192 aut
571 2147 682 2192 eorum
732 2133 892 2194 iustitiam
934 2136 966 2194 in
1012 2133 1157 2193 medium
1203 2132 1368 2205 proferret.
1416 2133 1570 2193 Attamen

301 2247 445 2305 Theseus
475 2248 620 2319 tempore
652 2247 692 2306 ad
723 2247 920 2308 laudandum
948 2263 1011 2307 non
1035 2247 1148 2307 idoneo
1172 2261 1292 2318 magna
1315 2246 1441 2306 Thebas
1472 2247 1571 2307 extol·

300 2361 338 2419 lit
373 2359 466 2420 laude
497 2364 555 2430 (vs.
589 2363 652 2421 919
684 2377 764 2437 sqq,
797 2364 861 2423 929
892 2365 973 2436 sqq.)
1006 2364 1038 2422 et
1065 2360 1213 2422 consulto
1236 2363 1369 2434 apoeta
1390 2360 1572 2423 affirmatur

301 2476 417 2535 Thesei
443 2478 588 2549 tempore
617 2492 767 2550 magnam
797 2477 881 2537 inter
911 2477 1025 2536 ambas
1055 2476 1205 2536 civitates
1235 2475 1337 2536 fuisse
1369 2477 1572 2536 concordiam

301 2595 359 2660 (vs.
396 2593 460 2651 616
495 2595 585 2665 sqq).
622 2591 708 2667 Quos
748 2608 862 2652 versus
897 2595 991 2666 poeta
1029 2607 1133 2666 neque
1171 2592 1285 2652 eodem
1319 2595 1473 2667 tempore,
1509 2606 1572 2664 quo

300 2705 457 2777 reliquam
489 2704 642 2780 fabulam,
675 2706 804 2779 scripsit
835 2721 948 2782 neque,
974 2706 1090 2780 quibus
1114 2705 1193 2765 locis
1216 2720 1301 2765 nunc
1324 2705 1486 2782 leguntur,
1511 2706 1570 2766 col·

299 2821 464 2880 locaturus
487 2819 557 2879 fuit.

345 2934 445 2994 Morte
478 2937 589 2994 autem
621 2937 760 3009 poetam,
792 2935 965 3008 quominus
996 2934 1140 2994 fabulam
1172 2935 1211 2994 ad
1242 2933 1341 2994 finem
1373 2936 1571 3011 perduceret,

299 3048 490 3122 impeditum
524 3063 596 3108 esse
627 3064 691 3108 non
721 3049 827 3108 inanis
854 3050 904 3108 est
929 3049 1130 3123 coniectura;
1156 3047 1317 3122 supremis
1342 3049 1459 3108 saltem
1485 3048 1572 3109 vitae

300 3162 412 3221 diebus
443 3178 519 3222 eum
550 3163 583 3222 in
614 3163 674 3222 hac
705 3162 869 3235 tragoedia
900 3163 1120 3237 componenda
1149 3163 1341 3236 occupatum
1366 3161 1467 3222 fuisse
1490 3163 1573 3222 mihi

300 3278 429 3351 quidem
453 3279 581 3338 constat
603 3279 663 3338 has
686 3279 839 3350 quattuor
863 3277 901 3337 ob
926 3292 1043 3338 causas
1058 3269 1096 3346 1);

347 3389 376 3469 1)
401 3392 534 3466 Propter
557 3391 685 3453 fabulae
708 3392 859 3452 indolem.

344 3506 538 3580 scriptorem
570 3507 790 3578 grandaevum
826 3520 898 3566 esse
933 3505 1015 3565 satis
1050 3504 1146 3577 clare,
1179 3519 1253 3564 cum
1285 3503 1399 3563 drama
1421 3503 1571 3581 legimus,

299 3619 391 3679 nobis
414 3621 563 3694 apparet;
596 3620 749 3680 uoniam
781 3619 933 3679 iuvenilis
957 3619 1050 3679 ardor
1074 3617 1221 3692 scriptori
1247 3619 1376 3691 praesto
1400 3619 1461 3692 est,
1485 3619 1571 3678 actio

300 3735 417 3806 exigua
452 3735 512 3808 est,
543 3733 706 3793 interdum
732 3748 844 3793 senem
872 3734 1012 3807 poetam,
1042 3731 1093 3792 cui
1117 3746 1205 3791 mors
1230 3732 1305 3790 ante
1330 3730 1439 3791 oculos
1466 3747 1571 3791 verse·

299 3854 361 3924 tur,
393 3862 453 3908 sua
483 3863 525 3908 ex
556 3850 665 3907 mente
697 3847 735 3907 de
768 3847 835 3907 vita
860 3847 994 3919 eiusque
1017 3845 1081 3904 fine
1105 3845 1291 3918 loquentem
1315 3845 1475 3905 audimus.
1500 3843 1570 3905 Vid.

298 3961 489 4036 praesertim
512 3977 559 4021 vs.
588 3962 816 4036 lali-1297,
841 3961 894 4020 ubi
919 3959 1109 4033 Sophoclem
1135 3959 1334 4020 Herodotum
1359 3959 1571 4019 1114611111-

302 4138 519 4146 ———

332 4253 352 4321 1)
370 4258 419 4313 Qui
437 4257 484 4303 viri
507 4257 575 4303 docti
596 4257 721 4316 Oedipum
741 4256 881 4303 Coloneum
899 4255 1019 4301 ultimum
1037 4255 1128 4314 poetae
1147 4267 1212 4312 opus
1230 4253 1310 4300 tuisse
1328 4256 1457 4304 censeant,
1476 4253 1571 4312 quique

299 4340 400 4394 negent,
418 4338 469 4383 iam
486 4337 513 4382 in
530 4337 689 4395 praefatione
707 4336 767 4382 dixi.
786 4336 834 4381 Hic
853 4335 957 4382 Christii
976 4334 1130 4381 sententiam
1149 4333 1293 4380 exscribere
1311 4333 1375 4379 mihi
1392 4333 1481 4379 liceat:

331 4417 398 4463 hber
415 4416 500 4461 sicher
518 4429 568 4462 war
581 4415 665 4462 dieses
680 4428 729 4460 nur
744 4415 785 4460 ein
794 4413 1050 4472 Wiederauffdhrung
1065 4413 1118 4459 und
1132 4413 1191 4459 kam
1206 4411 1252 4458 das
1268 4412 1347 4458 Strick
1360 4425 1419 4458 zum
1435 4413 1572 4458 erstenmal

298 4497 376 4544 sehon
400 4508 445 4541 vor
469 4496 519 4541 den
543 4495 686 4541 Phdnissen
709 4494 755 4540 des
777 4493 922 4552 Euripides,
947 4493 1026 4539 deren
1050 4489 1156 4538 Schluss
1176 4492 1239 4538 1705
1259 4505 1315 4550 sqq.
1333 4491 1511 4537 unverkenbar
1529 4492 1575 4537 aut

297 4590 389 4624 unsero
411 4575 537 4635 Tragbdie
561 4575 679 4634 anspielt‚
704 4572 915 4619 wahrscheiulich
939 4572 1005 4618 auch
1030 4584 1075 4617 vor
1100 4570 1158 4616 dom
1182 4570 1318 4628 Philoctet,
1341 4571 1434 4618 desseu
1457 4570 1572 4619 Versbau

297 4659 353 4708 eine
372 4655 491 4718 ungleiob
508 4656 625 4718 grbssero
640 4653 749 4704 Laxheit
766 4651 859 4710 verrat,
877 4651 924 4700 auf
938 4651 988 4699 die,
999 4652 1107 4699 Brotter.
