3536 5068
814 262 964 326 67-

199 432 294 493 nibus
313 433 475 508 praebere,
496 432 588 506 pater
608 431 711 490 iratus
731 428 904 502 respondet
922 428 1004 488 nihil
1024 431 1054 491 ei
1073 432 1136 491 nisi
1156 431 1280 493 malurn
1301 435 1468 509 expectan-

200 546 278 606 dum
302 560 374 605 esse
399 548 457 615 (vs.
484 545 597 616 laam:

623 657 703 736 εἴπερ
727 654 805 716 ἔστιν
828 651 847 733 ἡ
871 656 1057 734 παλαίφατος

488 772 567 850 disq,
589 768 730 851 ξυνὲόρος
759 769 856 849 Ζηνός
879 768 1011 850 ἀρχαίοις
1035 746 1161 852 θρόνοις,
1186 768 1215 844 ¹).

246 886 307 947 Hic
329 901 393 947 non
416 887 522 961 magis
545 900 643 959 quarn
668 884 758 956 αἰδώς
782 889 841 956 (νο.
868 886 964 956 1267)
988 886 1047 946 dea
1071 888 1122 946 est
1142 885 1209 963 δίνη
1233 902 1336 960 neque
1363 890 1471 963 plures

201 999 278 1059 deas
309 999 342 1058 in
373 999 496 1058 summi
527 999 577 1059 dei
605 999 684 1059 solio
713 999 834 1074 sedere,
859 999 915 1058 sed
938 1000 1049 1058 Iovem
1073 1015 1202 1074 semper
1225 1000 1386 1062 iustitiam
1409 1019 1472 1064 ser·

202 1127 277 1172 vare
309 1111 448 1187 Oedipus
479 1112 653 1173 contendit.
683 1112 754 1172 Non
786 1114 872 1172 recte
899 1112 998 1186 igitur
1028 1113 1210 1174 Dindorfius
1234 1115 1344 1175 scribit
1368 1116 1472 1193 Δίνην.

246 1225 420 1286 Simillima
455 1226 618 1286 observari
651 1229 787 1301 possunt
818 1227 857 1286 de
888 1226 997 1298 Antig.
1030 1241 1078 1287 vs,
1111 1228 1186 1303 538,
1223 1229 1276 1288 ubi
1311 1229 1471 1289 iustitiam

202 1340 340 1418 obstare,
364 1341 538 1414 quominus
557 1342 689 1402 Ismene
708 1341 819 1401 fratris
838 1342 957 1416 sepulti
976 1357 1011 1402 se
1032 1343 1194 1402 consciam
1216 1358 1289 1403 esse
1308 1342 1472 1421 glorietur,

201 1455 364 1529 Antigona
386 1455 566 1517 contendit:

536 1563 593 1628 ἀλλ’
621 1567 676 1628 ούιι
700 1566 777 1628 ἐύσει
799 1567 886 1628 τοῦτό
909 1562 935 1648 χ’
960 1563 978 1645 ἡ
1004 1568 1072 1646 disq
1096 1585 1137 1644 σε,

203 1700 261 1746 neo
284 1700 347 1745 non
371 1684 410 1744 de
433 1683 480 1744 El.
504 1698 552 1743 vs.
578 1684 653 1758 475,
678 1684 732 1743 nbi
756 1684 872 1743 chorus
896 1683 1003 1742 laetus
1028 1683 1208 1745 exclamat:

514 1789 588 1856 εἶσιν
611 1790 629 1872 ἡ
655 1794 838 1876 (πρόμαντις)

516 1911 593 1989 δίκα,
617 1911 716 1970 δίκαια
740 1911 889 1991 φερομένα
912 1916 1009 1990 χεροῖν
1032 1910 1133 1990 ιιρόιιχ.

204 2044 268 2088 non
298 2027 385 2088 enim
416 2026 491 2086 Dice
522 2026 582 2086 dea
613 2025 763 2084 manibus
795 2025 947 2098 quiddam
970 2027 1103 2100 portans
1127 2025 1306 2086 adventura
1329 2042 1401 2086 esse
1424 2027 1476 2087 hic

203 2141 345 2216 fingitur,
380 2139 437 2200 sed
471 2138 581 2198 divina
614 2138 740 2198 iustitia
774 2153 913 2212 aequam
948 2139 1086 2198 afferens
1121 2139 1301 2200 victoriam.
1337 2140 1370 2200 si
1404 2141 1476 2214 quis

204 2256 332 2329 propter
363 2252 557 2313 vocabulum
587 2257 685 2330 χεροῖν
717 2253 852 2327 dubitat,
884 2252 1069 2313 recordetur
1099 2250 1200 2328 Νίκην
1228 2253 1378 2313 manibus
1401 2254 1477 2314 ferri

204 2383 309 2444 posse,
328 2383 393 2427 non
414 2381 509 2441 posse
530 2365 630 2424 δίκαια
651 2364 753 2445 κράνη,
772 2369 805 2427 et
824 2367 911 2440 legat
930 2365 1053 2439 primos
1066 2380 1181 2425 versus
1200 2373 1252 2443 τῆς
1272 2363 1478 2446 ἀναστροφῆς,

205 2483 238 2542 in
270 2482 385 2555 quibus
415 2482 532 2541 chorus
555 2496 618 2541 non
643 2481 681 2541 de
705 2482 764 2541 dea
787 2479 893 2555 Furia,
918 2479 974 2539 sed
999 2479 1037 2538 de
1063 2478 1203 2539 vindicta
1227 2483 1356 2554 sperata
1380 2481 1476 2541 canit.

137 2637 140 2644 ,
204 2595 298 2671 Tum,
319 2595 438 2670 opinor,
463 2596 543 2655 mihi
567 2594 765 2655 assentietur
785 2609 847 2654 non
872 2594 949 2654 deas
970 2592 1021 2652 hic
1038 2591 1156 2667 potius,
1181 2608 1295 2653 verum
1319 2594 1477 2668 notiones

203 2710 362 2769 iustitiam
384 2710 529 2770 divinam
549 2711 582 2769 et
602 2707 771 2767 victoriam
793 2706 979 2781 violentam,
1000 2707 1114 2780 poetae
1127 2707 1202 2765 ante
1215 2707 1326 2767 oculos
1343 2708 1475 2768 versari.

249 2824 332 2884 Sunt
365 2838 443 2884 sane
473 2824 507 2882 in
539 2820 705 2896 Sophoclis
735 2820 853 2881 fabulis
877 2822 939 2881 duo
966 2819 1027 2879 loci
1051 2820 1137 2889 (Ant.
1163 2819 1238 2895 451,
1263 2820 1299 2880 Ο.
1323 2820 1361 2880 R.
1386 2821 1470 2908 274).

203 2937 257 2997 ubi
289 2937 384 2997 deam
418 2937 526 3010 potius
549 2935 651 2996 videri
675 2935 773 2994 Dicen
797 2949 896 3006 quam
919 2933 998 2992 nihil
1024 2932 1087 2992 nisi
1111 2933 1271 2993 iustitiam
1297 2932 1479 3007 significare

203 3051 351 3126 concedo,
387 3051 443 3110 sed
476 3049 520 3108 ibi
552 3048 707 3108 nontam
737 3049 834 3107 homo
860 3047 1043 3123 Sophocles
1068 3047 1123 3118 qui
1147 3048 1243 3107 deam
1264 3062 1336 3107 esse
1359 3047 1478 3122 credat,

202 3165 344 3239 loquitur
363 3178 462 3236 quam
481 3162 586 3237 poeta,
611 3175 731 3220 novam
755 3159 1027 3234 significationem
1049 3161 1202 3234 antiquae
1223 3160 1293 3220 voci
1314 3161 1478 3233 tribuens;

203 3279 242 3339 de
265 3293 328 3352 quo
352 3292 442 3337 more
466 3289 544 3336 mox
566 3275 668 3350 plura.

247 3391 383 3450 Prorsus
405 3388 486 3449 nihil
510 3403 586 3448 oum
610 3385 672 3446 diis
696 3401 870 3448 commune
895 3387 993 3448 habet
1016 3383 1115 3464 ἐρινύς
1137 3386 1185 3446 ΕΙ.
1211 3387 1293 3448 491:

514 3499 577 3579 ἥξει
600 3495 651 3559 acl
673 3500 829 3571 πολύπους
853 3497 904 3560 παὶ
927 3500 1065 3579 πολύχειρ
1090 3495 1109 3557 ἆ

514 3614 625 3685 δεινοῖς
648 3610 837 3693 κρυπτομένα
862 3612 959 3693 λόχοις

514 3725 683 3807 χαλκόπους
707 3724 817 3806 ἐρινύς.

246 3843 482 3903 Illucescet
502 3842 596 3904 dies
621 3841 808 3901 ultionis
833 3844 874 3904 et
897 3841 1053 3902 fatalis
1076 3842 1326 3904 necessitas
1350 3842 1397 3902 de
1421 3842 1488 3901 irn-

202 3957 371 4032 proviso
406 3971 455 4016 ex
486 3956 669 4019 insidiis
700 3972 929 4032 erumpens
965 3957 1198 4018 multorum
1227 3956 1267 4016 vi
1291 3958 1331 4018 et
1355 3955 1490 4017 armis

203 4070 346 4132 scelus
373 4070 630 4133 vindicabit.

249 4182 346 4264 ἐρινύς
366 4184 521 4256 πολύπους
541 4181 593 4244 καὶ
613 4184 751 4263 πολύχειρ
771 4184 882 4260 imago
902 4186 955 4245 est
974 4186 1007 4245 et
1025 4183 1212 4259 translatio,
1232 4198 1297 4256 qua
1315 4183 1434 4245 chorus
1455 4195 1492 4242 se

203 4299 353 4360 Orestem
376 4315 450 4359 cum
476 4298 592 4359 multis
619 4298 716 4360 sociis
740 4303 915 4373 expectare
938 4299 1070 4359 indicat.
1093 4297 1184 4376 Quod
1205 4305 1317 4360 autem
1338 4295 1378 4356 ad
1399 4309 1492 4358 voca·

201 4413 316 4472 bulum
349 4409 517 4491 χολνόποος
552 4413 585 4472 in
618 4414 679 4473 hac
706 4412 850 4485 imagine
874 4414 1071 4487 usurpatum
1097 4413 1229 4488 attinet,
1253 4415 1329 4486 apte
1353 4410 1495 4471 conferri

239 4656 257 4718 ι)
274 4659 364 4707 Lectio
380 4659 475 4707 tradita
493 4662 579 4718 νόμοις,
596 4658 682 4717 Bergk
700 4660 801 4723 θρόνοις.
