3536 5068
884 313 924 370 54

266 471 361 530 rebus
394 472 550 533 versetur.
582 473 652 532 lam
685 473 858 546 sequentes
885 473 1097 547 inspiciemus
1120 474 1162 547 et,
1187 472 1406 544 reperiaturne
1430 469 1536 528 simile

266 582 441 656 quidquam
465 585 497 643 in
521 586 674 658 Aeschyli
697 585 872 658 tragoediis
895 586 1134 660 superstitibus
1161 584 1339 644 videamus.

265 693 320 755 Vs.
346 695 410 756 465
434 712 502 770 sqq.
694 695 774 775 μένει
798 692 827 757 δ’
853 695 983 758 ἀκοῦσαί
1004 697 1033 756 τί
1054 720 1112 775 μου

688 807 814 888 μέριμνα
837 807 1027 890 νυκτηρεφές.

687 934 746 984 τῶν
769 922 960 984 πολυκτόνων
984 922 1039 1004 γὰρ
1064 923 1120 984 οὐκ

687 1035 814 1098 όσκοποι
835 1037 910 1098 θεοί.
935 1042 1031 1098 κελαι-

688 1149 739 1210 ναὶ
763 1148 790 1213 δ’
814 1149 950 1232 Ἐρινύες
973 1152 1069 1238 χρόνῳ

687 1263 814 1346 τυχηρὸν
839 1261 896 1326 ὄντ’
921 1263 994 1326 όνευ
1019 1267 1103 1338 δίκας

688 1382 863 1458 παλιντυχεῖ
881 1381 966 1464 τριβᾷ
990 1380 1058 1459 βίου

690 1486 792 1550 τιθεῖύ
819 1489 966 1570 ἀμαυρόν,
989 1491 1020 1553 ἐν
1045 1489 1072 1553 δ’
1098 1490 1143 1552 olt-

690 1619 767 1676 στοις
790 1603 962 1678 τελέθοντος
986 1603 1066 1677 ούτις
1089 1603 1139 1665 διλ-

689 1717 735 1776 κό.

313 1829 389 1890 (lor
419 1829 522 1889 mihi
552 1832 820 1894 vaticinatur
851 1849 911 1894 me
936 1834 1098 1909 aliquid
1122 1831 1355 1904 caliginosi
1379 1831 1537 1890 auditu·

268 1957 356 2003 rum
387 1958 490 2004 esse.
523 1943 622 2004 Nam
654 1961 829 2019 magnae
857 1947 1002 2008 caedis
1025 1947 1082 2007 dii
1106 1961 1186 2006 non
1210 1947 1308 2004 sunt
1332 1943 1540 2004 incuriosi

268 2059 308 2116 et
343 2056 580 2118 horrendae
615 2057 766 2119 Furiae
801 2060 1032 2133 aliquando
1064 2075 1172 2134 eum,
1202 2057 1272 2131 qui
1302 2057 1390 2117 iure
1421 2056 1539 2116 laeso

267 2170 504 2243 potentiam
538 2173 577 2230 et
607 2171 787 2232 divitias
818 2175 999 2248 adeptus
1030 2176 1112 2248 est,
1145 2172 1193 2232 ad
1219 2171 1414 2231 ultimam
1439 2169 1538 2230 redi·

267 2285 370 2356 gunt
394 2283 612 2344 miseriam
637 2286 676 2344 et
700 2300 750 2344 ex
772 2285 912 2358 priore
936 2286 1109 2346 fortuna
1128 2284 1236 2344 nihil
1257 2283 1517 2356 relinquunt.

312 2396 415 2457 Nemo
439 2397 585 2457 dubitare
609 2399 726 2473 potest,
750 2399 826 2470 quin
850 2399 1035 2458 animantes
1055 2398 1252 2470 rationisque
1276 2396 1441 2469 compotes
1461 2395 1540 2455 deae

269 2509 345 2585 sint,
377 2510 454 2583 quin
481 2510 520 2569 ab
544 2511 729 2570 hominibus
752 2512 873 2572 nefarie
901 2508 983 2581 (ἄνευ
1009 2511 1103 2582 δίκας)
1127 2511 1332 2584 interemptis
1354 2510 1539 2584 incitentur,

269 2624 345 2698 quin
369 2626 541 2684 nocentem
565 2639 695 2698 prorsus
718 2626 931 2698 pessumdent
954 2641 1014 2686 sua
1037 2627 1171 2698 agentes
1194 2624 1328 2684 ratione.

312 2736 367 2797 Va.
406 2738 480 2797 650.
516 2737 636 2799 Nuntio
678 2755 785 2799 rerum
830 2741 1046 2800 secundarum
1087 2754 1152 2799 non
1186 2737 1384 2798 calamitatis
1418 2735 1540 2796 mentio

268 2849 414 2910 iacienda
446 2853 513 2925 est;
545 2853 578 2912 id
610 2868 683 2912 eum
715 2854 816 2927 decet,
848 2853 904 2925 qui
939 2868 1093 2926 magnam
1117 2851 1253 2927 cladem,
1278 2852 1391 2911 urbem
1411 2852 1539 2924 captam

269 2962 321 3024 vel
344 2963 409 3023 tale
434 2964 599 3039 quidpiam
621 2965 765 3027 nuntiet:

601 3079 723 3138 τοιῶνδε
747 3075 846 3156 μέντοι
869 3079 1013 3157 πημάτων
1038 3075 1218 3156 σεσαγμένον

603 3189 707 3269 πρέπει
729 3191 823 3273 λέγειν
846 3203 960 3253 παιᾶνα
983 3193 1069 3254 τόνδε
1089 3188 1244 3271 Ἐρινύων.

315 3305 426 3380 Supra,
451 3321 525 3365 cum
549 3305 655 3366 locum
678 3322 695 3366 e
715 3306 824 3368 fabula
846 3309 995 3384 ,Septem
1017 3309 1174 3368 adversus
1194 3306 1341 3366 Thebas'
1354 3308 1540 3378 tractarem,

269 3419 345 3492 quid
382 3433 493 3479 vocem
529 3417 641 3496 ,tpvog
668 3413 837 3497 Ἐρινύων”
872 3420 1053 3494 significare
1084 3423 1244 3494 putarem,
1274 3419 1424 3492 exposui3
1461 3417 1541 3477 addo

268 3547 363 3607 nuno,
396 3541 509 3590 παιᾶνα
536 3527 684 3610 Ἐρινύων
717 3535 797 3593 mihi
831 3535 931 3594 videri
959 3535 1095 3594 eandem
1119 3534 1237 3593 habere
1261 3531 1541 3605 significationem,

270 3645 410 3707 scilicet:
443 3661 585 3721 carmen,
613 3646 708 3719 quale
735 3647 850 3708 Furiae
874 3649 1001 3723 canant,
1026 3647 1114 3719 quali
1137 3646 1309 3720 gaudeant,
1333 3646 1419 3718 quali
1443 3646 1483 3704 ad
1507 3660 1542 3704 se

269 3759 358 3832 ipsas
384 3759 585 3832 instigandae
610 3762 752 3820 utantur.
777 3761 829 3821 Sic
853 3762 952 3821 etiam
977 3761 1063 3834 Sept.
1089 3762 1152 3821 633
1172 3768 1285 3817 παιᾶνα
1310 3759 1403 3820 edere
1426 3759 1543 3818 dicitur

269 3875 308 3950 is,
333 3874 388 3947 qui
411 3874 548 3934 aliorum
573 3874 682 3934 futura
706 3868 810 3935 morte
835 3877 868 3935 et
889 3875 1022 3934 miseria
1044 3873 1193 3947 gaudeat.

315 3987 369 4047 Vs.
397 3988 469 4048 748.
494 3987 539 4046 De
563 3987 688 4048 Helena
712 3988 845 4049 dicitur:

671 4100 813 4181 δύσεδρος
838 4097 888 4158 καλ
912 4100 1069 4178 δυσόμιλος

671 4213 783 4291 συμένα
808 4213 1034 4293 Πριαμίδαισιν,

670 4338 774 4412 πομπᾷ
798 4326 871 4400 Διὸς
895 4327 993 4401 ξενίου

670 4440 898 4519 νυμφόκλαυτος
918 4434 1046 4521 Ἐρινύς.

314 4555 374 4630 Qui
396 4555 487 4616 locus
511 4556 551 4616 ad
575 4555 724 4615 vocabuli
747 4557 815 4617 vim
839 4556 1027 4630 ipsarumve
1051 4556 1184 4615 dearum
1204 4556 1401 4629 potestatem
1421 4553 1542 4614 intelle·

269 4671 406 4742 gendam
446 4677 501 4731 aut
538 4672 578 4731 ad
609 4673 754 4732 nostram
787 4671 826 4731 de
858 4670 919 4730 diis
950 4669 1175 4744 quaestionem
1198 4668 1449 4742 promovendam
1473 4662 1544 4726 οὐδὲ
