<?xml version="1.0" encoding="UTF-8"?>
<!DOCTYPE html PUBLIC "-//W3C//DTD XHTML 1.0 Transitional//EN"
    "http://www.w3.org/TR/xhtml1/DTD/xhtml1-transitional.dtd">
<html xmlns="http://www.w3.org/1999/xhtml" xml:lang="en" lang="en">
 <head>
  <title>
</title>
<meta http-equiv="Content-Type" content="text/html;charset=utf-8" />
  <meta name='ocr-system' content='tesseract 3.04.00' />
  <meta name='ocr-capabilities' content='ocr_page ocr_carea ocr_par ocr_line ocrx_word'/>
</head>
<body>
  <div class='ocr_page' id='page_1' title='image "./desophoclisoedi00hooygoog_0062.png"; bbox 0 0 3536 5068; ppageno 0'>
   <div class='ocr_carea' id='block_1_1' title="bbox 843 275 882 332">
    <p class='ocr_par' dir='ltr' id='par_1_1' title="bbox 843 275 882 332">
     <span class='ocr_line' id='line_1_1' title="bbox 843 275 882 332; baseline 0 0"><span class='ocrx_word' id='word_1_1' title='bbox 843 275 882 332; x_wconf 84' lang='lat'>51</span> 
     </span>
    </p>
   </div>
   <div class='ocr_carea' id='block_1_2' title="bbox 228 433 1501 1422">
    <p class='ocr_par' dir='ltr' id='par_1_2' title="bbox 228 433 1501 849">
     <span class='ocr_line' id='line_1_2' title="bbox 229 433 1500 516; baseline 0.006 -23"><span class='ocrx_word' id='word_1_2' title='bbox 229 433 363 510; x_wconf 88' lang='lat' dir='ltr'>milis,</span> <span class='ocrx_word' id='word_1_3' title='bbox 396 449 522 495; x_wconf 86' lang='lat' dir='ltr'>verax</span> <span class='ocrx_word' id='word_1_4' title='bbox 554 434 760 495; x_wconf 90' lang='lat' dir='ltr'>malorum</span> <span class='ocrx_word' id='word_1_5' title='bbox 793 439 930 512; x_wconf 76' lang='lat' dir='ltr'>vateS,</span> <span class='ocrx_word' id='word_1_6' title='bbox 963 437 1107 516; x_wconf 86' lang='lat' dir='ltr'>Furia,</span> <span class='ocrx_word' id='word_1_7' title='bbox 1139 440 1279 514; x_wconf 91' lang='lat' dir='ltr'>patris</span> <span class='ocrx_word' id='word_1_8' title='bbox 1302 441 1500 515; x_wconf 89' lang='lat' dir='ltr'>impreca-</span> 
     </span>
     <span class='ocr_line' id='line_1_3' title="bbox 228 523 1501 625; baseline 0.007 -19"><span class='ocrx_word' id='word_1_9' title='bbox 228 547 345 608; x_wconf 83' lang='lat' dir='ltr'>tione</span> <span class='ocrx_word' id='word_1_10' title='bbox 381 550 546 625; x_wconf 86' lang='lat' dir='ltr'>vocata,</span> <span class='ocrx_word' id='word_1_11' title='bbox 581 549 628 608; x_wconf 95' lang='lat' dir='ltr'>ad</span> <span class='ocrx_word' id='word_1_12' title='bbox 662 549 793 609; x_wconf 85' lang='lat' dir='ltr'>finem</span> <span class='ocrx_word' id='word_1_13' title='bbox 830 551 1036 624; x_wconf 89' lang='lat' dir='ltr'>perducat</span> <span class='ocrx_word' id='word_1_14' title='bbox 1067 523 1395 614; x_wconf 84' lang='lat' dir='ltr'>exsecrationes</span> <span class='ocrx_word' id='word_1_15' title='bbox 1426 556 1501 615; x_wconf 92' lang='lat' dir='ltr'>ira·</span> 
     </span>
     <span class='ocr_line' id='line_1_4' title="bbox 229 661 968 738; baseline 0.007 -19"><span class='ocrx_word' id='word_1_16' title='bbox 229 661 385 720; x_wconf 86' lang='lat' dir='ltr'>cundas</span> <span class='ocrx_word' id='word_1_17' title='bbox 417 664 456 722; x_wconf 99' lang='lat' dir='ltr'>et</span> <span class='ocrx_word' id='word_1_18' title='bbox 488 661 698 722; x_wconf 86' lang='lat' dir='ltr'>exitiales</span> <span class='ocrx_word' id='word_1_19' title='bbox 729 662 968 738; x_wconf 76' lang='lat' dir='ltr'>Oedipodis,</span> 
     </span>
     <span class='ocr_line' id='line_1_5' title="bbox 273 773 586 849; baseline 0.013 -17"><span class='ocrx_word' id='word_1_20' title='bbox 273 773 314 833; x_wconf 82' lang='lat' dir='ltr'>Et</span> <span class='ocrx_word' id='word_1_21' title='bbox 337 789 384 836; x_wconf 81' lang='lat' dir='ltr'>ve.</span> <span class='ocrx_word' id='word_1_22' title='bbox 412 776 473 836; x_wconf 82' lang='lat'>785</span> <span class='ocrx_word' id='word_1_23' title='bbox 498 790 586 849; x_wconf 88' lang='lat' dir='ltr'>sqq.:</span> 
     </span>
    </p>

    <p class='ocr_par' dir='ltr' id='par_1_3' title="bbox 652 883 952 970">
     <span class='ocr_line' id='line_1_6' title="bbox 652 883 952 970; baseline 0.003 -22"><span class='ocrx_word' id='word_1_24' title='bbox 652 885 799 948; x_wconf 77' lang='grc' dir='ltr'><strong><em>τέκνοισιν</em></strong></span> <span class='ocrx_word' id='word_1_25' title='bbox 823 883 852 949; x_wconf 83' lang='grc' dir='ltr'>δ’</span> <span class='ocrx_word' id='word_1_26' title='bbox 877 887 952 970; x_wconf 79' lang='grc' dir='ltr'><strong><em>ἀρὰς</em></strong></span> 
     </span>
    </p>

    <p class='ocr_par' dir='ltr' id='par_1_4' title="bbox 654 999 1066 1083">
     <span class='ocr_line' id='line_1_7' title="bbox 654 999 1066 1083; baseline 0.002 -21"><span class='ocrx_word' id='word_1_27' title='bbox 654 999 764 1080; x_wconf 79' lang='grc' dir='ltr'><strong><em>έφῆκεν</em></strong></span> <span class='ocrx_word' id='word_1_28' title='bbox 788 999 921 1074; x_wconf 78' lang='grc' dir='ltr'><strong><em>ἐπίκοτος</em></strong></span> <span class='ocrx_word' id='word_1_29' title='bbox 944 1013 1066 1083; x_wconf 83' lang='grc' dir='ltr'><strong><em>τροφᾶς.</em></strong></span> 
     </span>
    </p>

    <p class='ocr_par' dir='ltr' id='par_1_5' title="bbox 653 1114 1094 1196">
     <span class='ocr_line' id='line_1_8' title="bbox 653 1114 1094 1196; baseline 0.007 -23"><span class='ocrx_word' id='word_1_30' title='bbox 653 1114 726 1192; x_wconf 83' lang='grc' dir='ltr'><strong><em>αἰαῖ,</em></strong></span> <span class='ocrx_word' id='word_1_31' title='bbox 747 1115 987 1196; x_wconf 81' lang='grc' dir='ltr'><strong><em>πικρογλώσσους</em></strong></span> <span class='ocrx_word' id='word_1_32' title='bbox 1011 1115 1094 1196; x_wconf 79' lang='grc' dir='ltr'><strong><em>ἀρὰς,</em></strong></span> 
     </span>
    </p>

    <p class='ocr_par' dir='ltr' id='par_1_6' title="bbox 651 1227 994 1314">
     <span class='ocr_line' id='line_1_9' title="bbox 651 1227 994 1314; baseline 0.006 -27"><span class='ocrx_word' id='word_1_33' title='bbox 651 1227 705 1288; x_wconf 90' lang='grc' dir='ltr'>καί</span> <span class='ocrx_word' id='word_1_34' title='bbox 725 1244 781 1304; x_wconf 84' lang='grc' dir='ltr'>σφε</span> <span class='ocrx_word' id='word_1_35' title='bbox 805 1227 994 1314; x_wconf 76' lang='grc' dir='ltr'><strong><em>σιδαρονόμῳ</em></strong></span> 
     </span>
    </p>

    <p class='ocr_par' dir='ltr' id='par_1_7' title="bbox 652 1339 1003 1422">
     <span class='ocr_line' id='line_1_10' title="bbox 652 1339 1003 1422; baseline 0.003 -21"><span class='ocrx_word' id='word_1_36' title='bbox 652 1339 702 1401; x_wconf 83' lang='grc' dir='ltr'><strong><em>διὰ</em></strong></span> <span class='ocrx_word' id='word_1_37' title='bbox 724 1341 787 1421; x_wconf 78' lang='grc' dir='ltr'><strong><em>χερί</em></strong></span> <span class='ocrx_word' id='word_1_38' title='bbox 808 1363 880 1403; x_wconf 91' lang='grc' dir='ltr'><strong><em>ποτε</em></strong></span> <span class='ocrx_word' id='word_1_39' title='bbox 903 1347 1003 1422; x_wconf 85' lang='grc' dir='ltr'><strong><em>λαχεῖν</em></strong></span> 
     </span>
    </p>
   </div>
   <div class='ocr_carea' id='block_1_3' title="bbox 651 1453 1024 1538">
    <p class='ocr_par' dir='ltr' id='par_1_8' title="bbox 651 1453 1024 1538">
     <span class='ocr_line' id='line_1_11' title="bbox 651 1453 1024 1538; baseline 0.013 -24"><span class='ocrx_word' id='word_1_40' title='bbox 651 1455 790 1534; x_wconf 79' lang='grc' dir='ltr'><strong><em>κτήματα·</em></strong></span> <span class='ocrx_word' id='word_1_41' title='bbox 815 1466 872 1518; x_wconf 80' lang='grc' dir='ltr'>νῦν</span> <span class='ocrx_word' id='word_1_42' title='bbox 896 1453 929 1518; x_wconf 81' lang='grc' dir='ltr'>δὲ</span> <span class='ocrx_word' id='word_1_43' title='bbox 951 1456 1024 1538; x_wconf 85' lang='grc' dir='ltr'><strong><em>τρέω</em></strong></span> 
     </span>
    </p>
   </div>
   <div class='ocr_carea' id='block_1_4' title="bbox 652 1567 1160 1656">
    <p class='ocr_par' dir='ltr' id='par_1_9' title="bbox 652 1567 1160 1656">
     <span class='ocr_line' id='line_1_12' title="bbox 652 1567 1160 1656; baseline 0.008 -27"><span class='ocrx_word' id='word_1_44' title='bbox 652 1567 692 1647; x_wconf 69' lang='grc' dir='ltr'>μὴ</span> <span class='ocrx_word' id='word_1_45' title='bbox 715 1567 814 1656; x_wconf 78' lang='grc' dir='ltr'><strong><em>τελέσῃ</em></strong></span> <span class='ocrx_word' id='word_1_46' title='bbox 837 1571 1012 1649; x_wconf 79' lang='grc' dir='ltr'><strong><em>καμψίπους</em></strong></span> <span class='ocrx_word' id='word_1_47' title='bbox 1032 1567 1160 1651; x_wconf 84' lang='grc' dir='ltr'><strong><em>Ἐρινύς.</em></strong></span> 
     </span>
    </p>
   </div>
   <div class='ocr_carea' id='block_1_5' title="bbox 227 1681 1504 3007">
    <p class='ocr_par' dir='ltr' id='par_1_10' title="bbox 227 1681 1504 3007">
     <span class='ocr_line' id='line_1_13' title="bbox 273 1681 1501 1763; baseline 0.007 -22"><span class='ocrx_word' id='word_1_48' title='bbox 273 1683 318 1742; x_wconf 83' lang='lat' dir='ltr'>iis</span> <span class='ocrx_word' id='word_1_49' title='bbox 340 1681 420 1742; x_wconf 91' lang='lat' dir='ltr'>locis</span> <span class='ocrx_word' id='word_1_50' title='bbox 443 1683 561 1757; x_wconf 87' lang='lat' dir='ltr'>ubique</span> <span class='ocrx_word' id='word_1_51' title='bbox 581 1683 690 1757; x_wconf 89' lang='lat' dir='ltr'>procul</span> <span class='ocrx_word' id='word_1_52' title='bbox 710 1685 804 1745; x_wconf 92' lang='lat' dir='ltr'>dubio</span> <span class='ocrx_word' id='word_1_53' title='bbox 824 1685 903 1745; x_wconf 92' lang='lat' dir='ltr'>deae</span> <span class='ocrx_word' id='word_1_54' title='bbox 925 1690 1002 1746; x_wconf 91' lang='lat' dir='ltr'>sunt</span> <span class='ocrx_word' id='word_1_55' title='bbox 1022 1688 1218 1763; x_wconf 72' lang='lat' dir='ltr'>animantes²</span> <span class='ocrx_word' id='word_1_56' title='bbox 1238 1702 1321 1761; x_wconf 89' lang='lat' dir='ltr'>quae</span> <span class='ocrx_word' id='word_1_57' title='bbox 1341 1691 1501 1749; x_wconf 91' lang='lat' dir='ltr'>amortuo</span> 
     </span>
     <span class='ocr_line' id='line_1_14' title="bbox 230 1795 1499 1874; baseline 0.004 -18"><span class='ocrx_word' id='word_1_58' title='bbox 230 1795 388 1871; x_wconf 84' lang='lat' dir='ltr'>Oedipode</span> <span class='ocrx_word' id='word_1_59' title='bbox 408 1797 604 1870; x_wconf 86' lang='lat' dir='ltr'>instigantur</span> <span class='ocrx_word' id='word_1_60' title='bbox 628 1813 731 1871; x_wconf 89' lang='lat' dir='ltr'>neque</span> <span class='ocrx_word' id='word_1_61' title='bbox 755 1815 829 1859; x_wconf 89' lang='lat' dir='ltr'>curn</span> <span class='ocrx_word' id='word_1_62' title='bbox 854 1801 979 1873; x_wconf 88' lang='lat' dir='ltr'>superis</span> <span class='ocrx_word' id='word_1_63' title='bbox 1004 1801 1241 1874; x_wconf 85' lang='lat' dir='ltr'>coniunguntur</span> <span class='ocrx_word' id='word_1_64' title='bbox 1264 1815 1367 1873; x_wconf 89' lang='lat' dir='ltr'>neque</span> <span class='ocrx_word' id='word_1_65' title='bbox 1388 1816 1499 1861; x_wconf 91' lang='lat' dir='ltr'>eorum</span> 
     </span>
     <span class='ocr_line' id='line_1_15' title="bbox 230 1909 1501 1987; baseline 0.006 -19"><span class='ocrx_word' id='word_1_66' title='bbox 230 1909 321 1969; x_wconf 87' lang='lat' dir='ltr'>iussu</span> <span class='ocrx_word' id='word_1_67' title='bbox 342 1925 475 1971; x_wconf 89' lang='lat' dir='ltr'>munere</span> <span class='ocrx_word' id='word_1_68' title='bbox 495 1911 682 1984; x_wconf 86' lang='lat' dir='ltr'>funguntur.</span> <span class='ocrx_word' id='word_1_69' title='bbox 704 1913 769 1971; x_wconf 86' lang='lat' dir='ltr'>Sua</span> <span class='ocrx_word' id='word_1_70' title='bbox 792 1915 906 1987; x_wconf 88' lang='lat' dir='ltr'>sponte</span> <span class='ocrx_word' id='word_1_71' title='bbox 929 1929 969 1973; x_wconf 85' lang='lat' dir='ltr'>ex</span> <span class='ocrx_word' id='word_1_72' title='bbox 993 1914 1104 1973; x_wconf 85' lang='lat' dir='ltr'>inferis</span> <span class='ocrx_word' id='word_1_73' title='bbox 1128 1914 1295 1987; x_wconf 87' lang='lat' dir='ltr'>prodeunt,</span> <span class='ocrx_word' id='word_1_74' title='bbox 1317 1929 1375 1973; x_wconf 92' lang='lat' dir='ltr'>suo</span> <span class='ocrx_word' id='word_1_75' title='bbox 1397 1917 1501 1976; x_wconf 87' lang='lat' dir='ltr'>marte</span> 
     </span>
     <span class='ocr_line' id='line_1_16' title="bbox 229 2022 1502 2100; baseline 0.005 -18"><span class='ocrx_word' id='word_1_76' title='bbox 229 2023 262 2082; x_wconf 91' lang='lat' dir='ltr'>in</span> <span class='ocrx_word' id='word_1_77' title='bbox 296 2022 381 2083; x_wconf 89' lang='lat' dir='ltr'>filios</span> <span class='ocrx_word' id='word_1_78' title='bbox 418 2024 536 2098; x_wconf 90' lang='lat' dir='ltr'>impios</span> <span class='ocrx_word' id='word_1_79' title='bbox 570 2027 678 2100; x_wconf 88' lang='lat' dir='ltr'>ruunt,</span> <span class='ocrx_word' id='word_1_80' title='bbox 718 2039 855 2097; x_wconf 88' lang='lat' dir='ltr'>quorum</span> <span class='ocrx_word' id='word_1_81' title='bbox 891 2027 1068 2086; x_wconf 89' lang='lat' dir='ltr'>secundum</span> <span class='ocrx_word' id='word_1_82' title='bbox 1107 2027 1209 2100; x_wconf 91' lang='lat' dir='ltr'>patris</span> <span class='ocrx_word' id='word_1_83' title='bbox 1244 2028 1502 2088; x_wconf 84' lang='lat' dir='ltr'>exsecrationem</span> 
     </span>
     <span class='ocr_line' id='line_1_17' title="bbox 228 2138 613 2210; baseline 0 -13"><span class='ocrx_word' id='word_1_84' title='bbox 228 2138 404 2210; x_wconf 86' lang='lat' dir='ltr'>perniciem</span> <span class='ocrx_word' id='word_1_85' title='bbox 428 2138 613 2198; x_wconf 89' lang='lat' dir='ltr'>moliantur.</span> 
     </span>
     <span class='ocr_line' id='line_1_18' title="bbox 273 2251 1502 2328; baseline 0.003 -19"><span class='ocrx_word' id='word_1_86' title='bbox 273 2251 381 2312; x_wconf 92' lang='lat' dir='ltr'>Primo</span> <span class='ocrx_word' id='word_1_87' title='bbox 412 2254 545 2325; x_wconf 91' lang='lat' dir='ltr'>aspectu</span> <span class='ocrx_word' id='word_1_88' title='bbox 569 2251 708 2312; x_wconf 89' lang='lat' dir='ltr'>dubitari</span> <span class='ocrx_word' id='word_1_89' title='bbox 732 2254 840 2326; x_wconf 90' lang='lat' dir='ltr'>potest</span> <span class='ocrx_word' id='word_1_90' title='bbox 864 2269 911 2313; x_wconf 87' lang='lat' dir='ltr'>vs.</span> <span class='ocrx_word' id='word_1_91' title='bbox 940 2256 981 2314; x_wconf 86' lang='grc'>69</span> <span class='ocrx_word' id='word_1_92' title='bbox 1007 2268 1087 2328; x_wconf 89' lang='lat' dir='ltr'>sqq.,</span> <span class='ocrx_word' id='word_1_93' title='bbox 1112 2253 1165 2312; x_wconf 92' lang='lat' dir='ltr'>ubi</span> <span class='ocrx_word' id='word_1_94' title='bbox 1189 2253 1336 2313; x_wconf 85' lang='lat' dir='ltr'>Fteocles</span> <span class='ocrx_word' id='word_1_95' title='bbox 1360 2253 1502 2313; x_wconf 90' lang='lat' dir='ltr'>adventu</span> 
     </span>
     <span class='ocr_line' id='line_1_19' title="bbox 229 2364 710 2426; baseline 0.008 -4"><span class='ocrx_word' id='word_1_96' title='bbox 229 2364 372 2424; x_wconf 90' lang='lat' dir='ltr'>hostium</span> <span class='ocrx_word' id='word_1_97' title='bbox 396 2365 506 2426; x_wconf 90' lang='lat' dir='ltr'>audito</span> <span class='ocrx_word' id='word_1_98' title='bbox 529 2365 710 2426; x_wconf 89' lang='lat' dir='ltr'>exclamat:</span> 
     </span>
     <span class='ocr_line' id='line_1_20' title="bbox 519 2470 1201 2557; baseline -0.001 -19"><span class='ocrx_word' id='word_1_99' title='bbox 519 2470 542 2538; x_wconf 83' lang='grc' dir='ltr'>ὦ</span> <span class='ocrx_word' id='word_1_100' title='bbox 566 2482 626 2539; x_wconf 86' lang='grc' dir='ltr'>Ζεῦ</span> <span class='ocrx_word' id='word_1_101' title='bbox 649 2500 678 2538; x_wconf 89' lang='grc' dir='ltr'>τε</span> <span class='ocrx_word' id='word_1_102' title='bbox 702 2477 752 2538; x_wconf 81' lang='grc' dir='ltr'>καὶ</span> <span class='ocrx_word' id='word_1_103' title='bbox 775 2483 820 2557; x_wconf 76' lang='grc' dir='ltr'>Γῆ</span> <span class='ocrx_word' id='word_1_104' title='bbox 844 2477 894 2538; x_wconf 84' lang='grc' dir='ltr'>καὶ</span> <span class='ocrx_word' id='word_1_105' title='bbox 920 2482 1111 2556; x_wconf 79' lang='grc' dir='ltr'><strong><em>πολισσοῦχοι</em></strong></span> <span class='ocrx_word' id='word_1_106' title='bbox 1133 2475 1201 2537; x_wconf 82' lang='grc' dir='ltr'><strong><em>θεολ</em></strong></span> 
     </span>
     <span class='ocr_line' id='line_1_21' title="bbox 517 2587 1180 2673; baseline -0.003 -22"><span class='ocrx_word' id='word_1_107' title='bbox 517 2592 585 2673; x_wconf 67' lang='lat' dir='ltr'>aps</span> <span class='ocrx_word' id='word_1_108' title='bbox 607 2587 641 2669; x_wconf 87' lang='grc' dir='ltr'>τ’,</span> <span class='ocrx_word' id='word_1_109' title='bbox 659 2587 780 2671; x_wconf 82' lang='grc' dir='ltr'><strong><em>Ἐρινὺς</em></strong></span> <span class='ocrx_word' id='word_1_110' title='bbox 805 2591 915 2673; x_wconf 88' lang='grc' dir='ltr'><strong><em>πατρὸς</em></strong></span> <span class='ocrx_word' id='word_1_111' title='bbox 938 2588 957 2670; x_wconf 77' lang='grc' dir='ltr'>ἡ</span> <span class='ocrx_word' id='word_1_112' title='bbox 982 2589 1180 2672; x_wconf 74' lang='grc' dir='ltr'><strong><em>μεγασθενὴς,</em></strong></span> 
     </span>
     <span class='ocr_line' id='line_1_22' title="bbox 517 2704 1220 2786; baseline -0.007 -19"><span class='ocrx_word' id='word_1_113' title='bbox 517 2706 558 2785; x_wconf 79' lang='grc' dir='ltr'>μή</span> <span class='ocrx_word' id='word_1_114' title='bbox 581 2729 632 2785; x_wconf 93' lang='grc' dir='ltr'><strong><em>μοι</em></strong></span> <span class='ocrx_word' id='word_1_115' title='bbox 655 2705 742 2767; x_wconf 91' lang='grc' dir='ltr'><strong><em>πόλιν</em></strong></span> <span class='ocrx_word' id='word_1_116' title='bbox 765 2728 797 2786; x_wconf 80' lang='grc' dir='ltr'>γε</span> <span class='ocrx_word' id='word_1_117' title='bbox 820 2704 998 2785; x_wconf 77' lang='grc' dir='ltr'><strong><em>πρυμνόθεν</em></strong></span> <span class='ocrx_word' id='word_1_118' title='bbox 1021 2704 1220 2783; x_wconf 78' lang='grc' dir='ltr'><strong><em>πανώλεθρον</em></strong></span> 
     </span>
     <span class='ocr_line' id='line_1_23' title="bbox 519 2816 819 2896; baseline -0.007 -18"><span class='ocrx_word' id='word_1_119' title='bbox 519 2816 717 2896; x_wconf 79' lang='grc' dir='ltr'><strong><em>έκθαμνίστρτε</em></strong></span> <span class='ocrx_word' id='word_1_120' title='bbox 731 2863 819 2878; x_wconf 93' lang='grc'><strong><em>......</em></strong></span> 
     </span>
     <span class='ocr_line' id='line_1_24' title="bbox 227 2923 1504 3007; baseline 0.002 -17"><span class='ocrx_word' id='word_1_121' title='bbox 227 2932 261 2991; x_wconf 89' lang='lat' dir='ltr'>et</span> <span class='ocrx_word' id='word_1_122' title='bbox 284 2933 388 3005; x_wconf 84' lang='lat' dir='ltr'>rogari</span> <span class='ocrx_word' id='word_1_123' title='bbox 411 2947 453 2992; x_wconf 91' lang='lat' dir='ltr'>an</span> <span class='ocrx_word' id='word_1_124' title='bbox 477 2948 540 2993; x_wconf 93' lang='lat' dir='ltr'>non</span> <span class='ocrx_word' id='word_1_125' title='bbox 563 2933 616 2992; x_wconf 91' lang='lat' dir='ltr'>hic</span> <span class='ocrx_word' id='word_1_126' title='bbox 639 2934 696 2992; x_wconf 89' lang='lat' dir='ltr'>aut</span> <span class='ocrx_word' id='word_1_127' title='bbox 722 2931 913 2993; x_wconf 90' lang='lat' dir='ltr'>vocabulum</span> <span class='ocrx_word' id='word_1_128' title='bbox 933 2923 1055 3007; x_wconf 83' lang='grc' dir='ltr'><strong><em>Ἐρινύς</em></strong></span> <span class='ocrx_word' id='word_1_129' title='bbox 1079 2945 1178 2990; x_wconf 91' lang='lat' dir='ltr'>sensu</span> <span class='ocrx_word' id='word_1_130' title='bbox 1207 2932 1440 2992; x_wconf 80' lang='lat' dir='ltr'>exsecrationis</span> <span class='ocrx_word' id='word_1_131' title='bbox 1460 2934 1504 2992; x_wconf 89' lang='lat' dir='ltr'>sit</span> 
     </span>
    </p>
   </div>
   <div class='ocr_carea' id='block_1_6' title="bbox 226 3027 1621 3122">
    <p class='ocr_par' dir='ltr' id='par_1_11' title="bbox 226 3027 1621 3122">
     <span class='ocr_line' id='line_1_25' title="bbox 226 3027 1621 3122; baseline 0.001 -18"><span class='ocrx_word' id='word_1_132' title='bbox 226 3047 379 3122; x_wconf 89' lang='lat' dir='ltr'>positum,</span> <span class='ocrx_word' id='word_1_133' title='bbox 404 3049 461 3106; x_wconf 93' lang='lat' dir='ltr'>aut</span> <span class='ocrx_word' id='word_1_134' title='bbox 485 3047 563 3107; x_wconf 86' lang='lat' dir='ltr'>deae</span> <span class='ocrx_word' id='word_1_135' title='bbox 587 3045 702 3106; x_wconf 84' lang='lat' dir='ltr'>Furiae</span> <span class='ocrx_word' id='word_1_136' title='bbox 721 3061 797 3106; x_wconf 90' lang='lat' dir='ltr'>cum</span> <span class='ocrx_word' id='word_1_137' title='bbox 820 3045 947 3119; x_wconf 90' lang='lat' dir='ltr'>superis</span> <span class='ocrx_word' id='word_1_138' title='bbox 970 3045 1215 3118; x_wconf 87' lang='lat' dir='ltr'>coniungantur.</span> <span class='ocrx_word' id='word_1_139' title='bbox 1242 3044 1304 3104; x_wconf 83' lang='lat' dir='ltr'>Sed</span> <span class='ocrx_word' id='word_1_140' title='bbox 1327 3060 1427 3105; x_wconf 90' lang='lat' dir='ltr'>vanas</span> <span class='ocrx_word' id='word_1_141' title='bbox 1447 3062 1504 3106; x_wconf 92' lang='lat' dir='ltr'>eas</span> <span class='ocrx_word' id='word_1_142' title='bbox 1616 3027 1621 3036; x_wconf 49' lang='lat'>⁸</span> 
     </span>
    </p>
   </div>
   <div class='ocr_carea' id='block_1_7' title="bbox 224 3158 1510 4708">
    <p class='ocr_par' dir='ltr' id='par_1_12' title="bbox 226 3158 1348 3465">
     <span class='ocr_line' id='line_1_26' title="bbox 226 3158 1348 3235; baseline 0.001 -18"><span class='ocrx_word' id='word_1_143' title='bbox 226 3173 299 3218; x_wconf 91' lang='lat' dir='ltr'>esse</span> <span class='ocrx_word' id='word_1_144' title='bbox 322 3160 523 3234; x_wconf 79' lang='lat' dir='ltr'>suspiciones</span> <span class='ocrx_word' id='word_1_145' title='bbox 544 3160 635 3233; x_wconf 88' lang='lat' dir='ltr'>patet</span> <span class='ocrx_word' id='word_1_146' title='bbox 658 3159 687 3219; x_wconf 93' lang='lat' dir='ltr'>si</span> <span class='ocrx_word' id='word_1_147' title='bbox 709 3158 859 3235; x_wconf 85' lang='lat' dir='ltr'>legimus,</span> <span class='ocrx_word' id='word_1_148' title='bbox 884 3173 966 3232; x_wconf 87' lang='lat' dir='ltr'>quae</span> <span class='ocrx_word' id='word_1_149' title='bbox 990 3159 1169 3232; x_wconf 91' lang='lat' dir='ltr'>sequuntur</span> <span class='ocrx_word' id='word_1_150' title='bbox 1193 3161 1251 3228; x_wconf 83' lang='lat' dir='ltr'>(vs.</span> <span class='ocrx_word' id='word_1_151' title='bbox 1279 3159 1348 3228; x_wconf 79' lang='grc'><strong>76);</strong></span> 
     </span>
     <span class='ocr_line' id='line_1_27' title="bbox 517 3267 1217 3353; baseline -0.006 -21"><span class='ocrx_word' id='word_1_152' title='bbox 517 3270 639 3353; x_wconf 81' lang='grc' dir='ltr'><strong><em>γένεσθε</em></strong></span> <span class='ocrx_word' id='word_1_153' title='bbox 663 3267 691 3332; x_wconf 81' lang='grc' dir='ltr'>δ’</span> <span class='ocrx_word' id='word_1_154' title='bbox 718 3269 801 3349; x_wconf 79' lang='grc' dir='ltr'><strong><em>ἀλκή·</em></strong></span> <span class='ocrx_word' id='word_1_155' title='bbox 830 3269 906 3344; x_wconf 81' lang='grc' dir='ltr'><strong><em>ξυνὰ</em></strong></span> <span class='ocrx_word' id='word_1_156' title='bbox 930 3267 959 3331; x_wconf 82' lang='grc' dir='ltr'>δ’</span> <span class='ocrx_word' id='word_1_157' title='bbox 986 3269 1091 3342; x_wconf 77' lang='grc' dir='ltr'><strong><em>ἐλπίζω</em></strong></span> <span class='ocrx_word' id='word_1_158' title='bbox 1114 3267 1217 3349; x_wconf 85' lang='grc' dir='ltr'><strong><em>λέγειν·</em></strong></span> 
     </span>
     <span class='ocr_line' id='line_1_28' title="bbox 515 3377 1193 3465; baseline -0.006 -20"><span class='ocrx_word' id='word_1_159' title='bbox 515 3386 601 3457; x_wconf 87' lang='grc' dir='ltr'><strong><em>πόλις</em></strong></span> <span class='ocrx_word' id='word_1_160' title='bbox 624 3382 679 3465; x_wconf 82' lang='grc' dir='ltr'>γὰρ</span> <span class='ocrx_word' id='word_1_161' title='bbox 704 3377 736 3445; x_wconf 81' lang='grc' dir='ltr'>εὖ</span> <span class='ocrx_word' id='word_1_162' title='bbox 763 3384 940 3464; x_wconf 79' lang='grc' dir='ltr'><strong><em>πράσσουσα</em></strong></span> <span class='ocrx_word' id='word_1_163' title='bbox 964 3384 1109 3462; x_wconf 80' lang='grc' dir='ltr'><strong><em>δαίμονας</em></strong></span> <span class='ocrx_word' id='word_1_164' title='bbox 1132 3381 1193 3442; x_wconf 87' lang='grc' dir='ltr'><strong><em>τίει.</em></strong></span> 
     </span>
    </p>

    <p class='ocr_par' dir='ltr' id='par_1_13' title="bbox 224 3497 1504 4029">
     <span class='ocr_line' id='line_1_29' title="bbox 271 3497 1504 3575; baseline 0 -18"><span class='ocrx_word' id='word_1_165' title='bbox 271 3497 377 3575; x_wconf 86' lang='lat' dir='ltr'>Furia,</span> <span class='ocrx_word' id='word_1_166' title='bbox 420 3514 501 3573; x_wconf 90' lang='lat' dir='ltr'>quae</span> <span class='ocrx_word' id='word_1_167' title='bbox 540 3501 666 3574; x_wconf 89' lang='lat' dir='ltr'>patrem</span> <span class='ocrx_word' id='word_1_168' title='bbox 703 3499 855 3573; x_wconf 83' lang='lat' dir='ltr'>vindicat;</span> <span class='ocrx_word' id='word_1_169' title='bbox 890 3513 994 3570; x_wconf 84' lang='lat' dir='ltr'>neque</span> <span class='ocrx_word' id='word_1_170' title='bbox 1029 3498 1143 3557; x_wconf 89' lang='lat' dir='ltr'>urbem</span> <span class='ocrx_word' id='word_1_171' title='bbox 1179 3497 1312 3556; x_wconf 88' lang='lat' dir='ltr'>adiuvat</span> <span class='ocrx_word' id='word_1_172' title='bbox 1346 3511 1450 3570; x_wconf 92' lang='lat' dir='ltr'>neque</span> <span class='ocrx_word' id='word_1_173' title='bbox 1485 3515 1504 3557; x_wconf 88' lang='lat' dir='ltr'>a</span> 
     </span>
     <span class='ocr_line' id='line_1_30' title="bbox 226 3610 1503 3688; baseline 0 -18"><span class='ocrx_word' id='word_1_174' title='bbox 226 3611 361 3688; x_wconf 90' lang='lat' dir='ltr'>civibus,</span> <span class='ocrx_word' id='word_1_175' title='bbox 392 3613 508 3685; x_wconf 86' lang='lat' dir='ltr'>quibus</span> <span class='ocrx_word' id='word_1_176' title='bbox 536 3628 589 3673; x_wconf 90' lang='lat' dir='ltr'>res</span> <span class='ocrx_word' id='word_1_177' title='bbox 614 3613 694 3672; x_wconf 90' lang='lat' dir='ltr'>bene</span> <span class='ocrx_word' id='word_1_178' title='bbox 718 3613 845 3688; x_wconf 87' lang='lat' dir='ltr'>cedunt,</span> <span class='ocrx_word' id='word_1_179' title='bbox 870 3611 1003 3686; x_wconf 91' lang='lat' dir='ltr'>colitur;</span> <span class='ocrx_word' id='word_1_180' title='bbox 1028 3611 1137 3684; x_wconf 89' lang='lat' dir='ltr'>itaque</span> <span class='ocrx_word' id='word_1_181' title='bbox 1161 3624 1200 3669; x_wconf 88' lang='lat' dir='ltr'>ea</span> <span class='ocrx_word' id='word_1_182' title='bbox 1222 3625 1287 3669; x_wconf 94' lang='lat' dir='ltr'>non</span> <span class='ocrx_word' id='word_1_183' title='bbox 1309 3610 1349 3669; x_wconf 94' lang='lat' dir='ltr'>ad</span> <span class='ocrx_word' id='word_1_184' title='bbox 1372 3610 1503 3670; x_wconf 85' lang='lat' dir='ltr'>Furiam</span> 
     </span>
     <span class='ocr_line' id='line_1_31' title="bbox 225 3721 1503 3804; baseline -0.002 -18"><span class='ocrx_word' id='word_1_185' title='bbox 225 3728 384 3804; x_wconf 89' lang='lat' dir='ltr'>spectant,</span> <span class='ocrx_word' id='word_1_186' title='bbox 408 3729 465 3788; x_wconf 92' lang='lat' dir='ltr'>sed</span> <span class='ocrx_word' id='word_1_187' title='bbox 489 3731 618 3788; x_wconf 90' lang='lat' dir='ltr'>tantum</span> <span class='ocrx_word' id='word_1_188' title='bbox 636 3727 676 3787; x_wconf 94' lang='lat' dir='ltr'>ad</span> <span class='ocrx_word' id='word_1_189' title='bbox 696 3742 840 3802; x_wconf 89' lang='lat' dir='ltr'>superos,</span> <span class='ocrx_word' id='word_1_190' title='bbox 861 3740 998 3799; x_wconf 90' lang='lat' dir='ltr'>quorum</span> <span class='ocrx_word' id='word_1_191' title='bbox 1011 3721 1159 3783; x_wconf 80' lang='lat' dir='ltr'>Eteocles</span> <span class='ocrx_word' id='word_1_192' title='bbox 1171 3721 1322 3796; x_wconf 91' lang='lat' dir='ltr'>imploret</span> <span class='ocrx_word' id='word_1_193' title='bbox 1334 3724 1503 3800; x_wconf 85' lang='lat' dir='ltr'>auxilium,</span> 
     </span>
     <span class='ocr_line' id='line_1_32' title="bbox 224 3834 1503 3919; baseline -0.001 -21"><span class='ocrx_word' id='word_1_194' title='bbox 224 3854 266 3899; x_wconf 91' lang='lat' dir='ltr'>ne</span> <span class='ocrx_word' id='word_1_195' title='bbox 288 3834 408 3919; x_wconf 82' lang='grc' dir='ltr'><strong><em>Ἐρινὺς</em></strong></span> <span class='ocrx_word' id='word_1_196' title='bbox 439 3839 549 3918; x_wconf 73' lang='grc' dir='ltr'><strong><em>πατρός</em></strong></span> <span class='ocrx_word' id='word_1_197' title='bbox 582 3840 708 3901; x_wconf 80' lang='lat' dir='ltr'>Thebas</span> <span class='ocrx_word' id='word_1_198' title='bbox 739 3840 902 3915; x_wconf 86' lang='lat' dir='ltr'>perditum</span> <span class='ocrx_word' id='word_1_199' title='bbox 933 3840 997 3899; x_wconf 83' lang='lat' dir='ltr'>cat.</span> <span class='ocrx_word' id='word_1_200' title='bbox 1029 3836 1100 3897; x_wconf 89' lang='lat' dir='ltr'>Non</span> <span class='ocrx_word' id='word_1_201' title='bbox 1131 3834 1229 3908; x_wconf 82' lang='lat' dir='ltr'>igitur</span> <span class='ocrx_word' id='word_1_202' title='bbox 1256 3835 1503 3914; x_wconf 86' lang='lat' dir='ltr'>coniunguntur,</span> 
     </span>
     <span class='ocr_line' id='line_1_33' title="bbox 224 3950 1067 4029; baseline -0.004 -17"><span class='ocrx_word' id='word_1_203' title='bbox 224 3953 281 4013; x_wconf 92' lang='lat' dir='ltr'>sed</span> <span class='ocrx_word' id='word_1_204' title='bbox 305 3954 389 4014; x_wconf 88' lang='lat' dir='ltr'>inter</span> <span class='ocrx_word' id='word_1_205' title='bbox 412 3970 448 4014; x_wconf 91' lang='lat' dir='ltr'>se</span> <span class='ocrx_word' id='word_1_206' title='bbox 470 3956 674 4029; x_wconf 90' lang='lat' dir='ltr'>opponuntur</span> <span class='ocrx_word' id='word_1_207' title='bbox 697 3953 729 4013; x_wconf 90' lang='lat' dir='ltr'>di</span> <span class='ocrx_word' id='word_1_208' title='bbox 753 3952 862 4027; x_wconf 89' lang='lat' dir='ltr'>superi</span> <span class='ocrx_word' id='word_1_209' title='bbox 885 3954 918 4011; x_wconf 92' lang='lat' dir='ltr'>et</span> <span class='ocrx_word' id='word_1_210' title='bbox 941 3950 1067 4010; x_wconf 86' lang='lat' dir='ltr'>Furiae.</span> 
     </span>
    </p>

    <p class='ocr_par' dir='ltr' id='par_1_14' title="bbox 224 4058 1509 4590">
     <span class='ocr_line' id='line_1_34' title="bbox 269 4058 1505 4142; baseline 0.001 -18"><span class='ocrx_word' id='word_1_211' title='bbox 269 4066 323 4128; x_wconf 90' lang='lat' dir='ltr'>Vs.</span> <span class='ocrx_word' id='word_1_212' title='bbox 349 4068 423 4128; x_wconf 78' lang='lat'><strong>574.</strong></span> <span class='ocrx_word' id='word_1_213' title='bbox 452 4068 599 4142; x_wconf 80' lang='lat' dir='ltr'>Tydeum</span> <span class='ocrx_word' id='word_1_214' title='bbox 625 4068 719 4127; x_wconf 90' lang='lat' dir='ltr'>vocat</span> <span class='ocrx_word' id='word_1_215' title='bbox 743 4065 963 4140; x_wconf 84' lang='lat' dir='ltr'>Amphiaraus</span> <span class='ocrx_word' id='word_1_216' title='bbox 982 4058 1121 4141; x_wconf 82' lang='grc' dir='ltr'><strong><em>Ἐρινύος</em></strong></span> <span class='ocrx_word' id='word_1_217' title='bbox 1144 4063 1292 4139; x_wconf 78' lang='grc' dir='ltr'><strong><em>κληιῆρα;</em></strong></span> <span class='ocrx_word' id='word_1_218' title='bbox 1317 4062 1366 4121; x_wconf 90' lang='lat' dir='ltr'>vir</span> <span class='ocrx_word' id='word_1_219' title='bbox 1390 4062 1505 4126; x_wconf 88' lang='lat' dir='ltr'>doctis·</span> 
     </span>
     <span class='ocr_line' id='line_1_35' title="bbox 224 4176 1507 4254; baseline -0.001 -14"><span class='ocrx_word' id='word_1_220' title='bbox 224 4180 328 4240; x_wconf 90' lang='lat' dir='ltr'>simus</span> <span class='ocrx_word' id='word_1_221' title='bbox 360 4181 399 4240; x_wconf 90' lang='lat' dir='ltr'>H.</span> <span class='ocrx_word' id='word_1_222' title='bbox 432 4181 467 4242; x_wconf 91' lang='lat' dir='ltr'>L.</span> <span class='ocrx_word' id='word_1_223' title='bbox 499 4182 627 4240; x_wconf 87' lang='lat' dir='ltr'>Ahrens</span> <span class='ocrx_word' id='word_1_224' title='bbox 658 4179 795 4239; x_wconf 92' lang='lat' dir='ltr'>coniecit</span> <span class='ocrx_word' id='word_1_225' title='bbox 826 4194 882 4254; x_wconf 93' lang='lat' dir='ltr'>pro</span> <span class='ocrx_word' id='word_1_226' title='bbox 911 4176 1068 4239; x_wconf 91' lang='lat' dir='ltr'>vocabulo</span> <span class='ocrx_word' id='word_1_227' title='bbox 1095 4177 1265 4253; x_wconf 65' lang='lat' dir='ltr'>„uiarum”</span> <span class='ocrx_word' id='word_1_228' title='bbox 1291 4178 1507 4249; x_wconf 83' lang='lat' dir='ltr'>(praeconem)</span> 
     </span>
     <span class='ocr_line' id='line_1_36' title="bbox 228 4289 1509 4371; baseline 0.001 -20"><span class='ocrx_word' id='word_1_229' title='bbox 228 4295 379 4371; x_wconf 62' lang='lat' dir='ltr'>„iusuper”</span> <span class='ocrx_word' id='word_1_230' title='bbox 412 4295 646 4368; x_wconf 82' lang='lat' dir='ltr'>(sacerdotem),</span> <span class='ocrx_word' id='word_1_231' title='bbox 678 4306 760 4365; x_wconf 86' lang='lat' dir='ltr'>quae</span> <span class='ocrx_word' id='word_1_232' title='bbox 784 4290 865 4350; x_wconf 90' lang='lat' dir='ltr'>mihi</span> <span class='ocrx_word' id='word_1_233' title='bbox 888 4293 978 4351; x_wconf 90' lang='lat' dir='ltr'>certa</span> <span class='ocrx_word' id='word_1_234' title='bbox 1002 4289 1157 4351; x_wconf 86' lang='lat' dir='ltr'>correctio</span> <span class='ocrx_word' id='word_1_235' title='bbox 1181 4289 1325 4364; x_wconf 90' lang='lat' dir='ltr'>videtur;</span> <span class='ocrx_word' id='word_1_236' title='bbox 1350 4289 1408 4349; x_wconf 91' lang='lat' dir='ltr'>sed</span> <span class='ocrx_word' id='word_1_237' title='bbox 1433 4295 1509 4354; x_wconf 87' lang='lat' dir='ltr'>utut</span> 
     </span>
     <span class='ocr_line' id='line_1_37' title="bbox 225 4395 1509 4483; baseline 0 -17"><span class='ocrx_word' id='word_1_238' title='bbox 225 4408 355 4481; x_wconf 90' lang='lat' dir='ltr'>scripsit</span> <span class='ocrx_word' id='word_1_239' title='bbox 385 4410 490 4483; x_wconf 84' lang='lat' dir='ltr'>poeta,</span> <span class='ocrx_word' id='word_1_240' title='bbox 522 4408 591 4467; x_wconf 86' lang='lat' dir='ltr'>sive</span> <span class='ocrx_word' id='word_1_241' title='bbox 618 4420 820 4481; x_wconf 89' lang='lat' dir='ltr'>praeconem,</span> <span class='ocrx_word' id='word_1_242' title='bbox 845 4402 916 4464; x_wconf 89' lang='lat' dir='ltr'>sive</span> <span class='ocrx_word' id='word_1_243' title='bbox 940 4402 1154 4478; x_wconf 86' lang='lat' dir='ltr'>sacerdotem,</span> <span class='ocrx_word' id='word_1_244' title='bbox 1177 4395 1296 4479; x_wconf 80' lang='grc' dir='ltr'><strong><em>Ἐρινύς</em></strong></span> <span class='ocrx_word' id='word_1_245' title='bbox 1320 4403 1391 4462; x_wconf 86' lang='lat' dir='ltr'>sine</span> <span class='ocrx_word' id='word_1_246' title='bbox 1412 4404 1509 4466; x_wconf 89' lang='lat' dir='ltr'>dubio</span> 
     </span>
     <span class='ocr_line' id='line_1_38' title="bbox 224 4517 989 4590; baseline -0.003 -11"><span class='ocrx_word' id='word_1_247' title='bbox 224 4521 277 4581; x_wconf 87' lang='lat' dir='ltr'>hic</span> <span class='ocrx_word' id='word_1_248' title='bbox 301 4523 360 4582; x_wconf 91' lang='lat' dir='ltr'>dea</span> <span class='ocrx_word' id='word_1_249' title='bbox 384 4522 535 4582; x_wconf 88' lang='lat' dir='ltr'>animans</span> <span class='ocrx_word' id='word_1_250' title='bbox 558 4523 592 4581; x_wconf 90' lang='lat' dir='ltr'>et</span> <span class='ocrx_word' id='word_1_251' title='bbox 613 4521 748 4581; x_wconf 89' lang='lat' dir='ltr'>rationis</span> <span class='ocrx_word' id='word_1_252' title='bbox 771 4531 904 4590; x_wconf 91' lang='lat' dir='ltr'>compos</span> <span class='ocrx_word' id='word_1_253' title='bbox 929 4517 989 4577; x_wconf 91' lang='lat' dir='ltr'>est.</span> 
     </span>
    </p>

    <p class='ocr_par' dir='ltr' id='par_1_15' title="bbox 270 4626 1510 4708">
     <span class='ocr_line' id='line_1_39' title="bbox 270 4626 1510 4708; baseline -0.006 -15"><span class='ocrx_word' id='word_1_254' title='bbox 270 4634 325 4695; x_wconf 87' lang='lat' dir='ltr'>Vs.</span> <span class='ocrx_word' id='word_1_255' title='bbox 359 4635 423 4694; x_wconf 83' lang='lat'>698</span> <span class='ocrx_word' id='word_1_256' title='bbox 466 4649 535 4708; x_wconf 85' lang='lat' dir='ltr'>sqq.</span> <span class='ocrx_word' id='word_1_257' title='bbox 579 4633 613 4694; x_wconf 87' lang='lat' dir='ltr'>Si</span> <span class='ocrx_word' id='word_1_258' title='bbox 654 4626 749 4694; x_wconf 74' lang='lat' dir='ltr'>cho‘ro</span> <span class='ocrx_word' id='word_1_259' title='bbox 791 4630 890 4692; x_wconf 89' lang='lat' dir='ltr'>fldem</span> <span class='ocrx_word' id='word_1_260' title='bbox 929 4630 1136 4704; x_wconf 67' lang='lat' dir='ltr'>haberemus</span> <span class='ocrx_word' id='word_1_261' title='bbox 1176 4627 1290 4686; x_wconf 89' lang='lat' dir='ltr'>Furias</span> <span class='ocrx_word' id='word_1_262' title='bbox 1333 4640 1407 4687; x_wconf 89' lang='lat' dir='ltr'>esse</span> <span class='ocrx_word' id='word_1_263' title='bbox 1444 4632 1510 4706; x_wconf 83' lang='lat' dir='ltr'>pla-</span> 
     </span>
    </p>
   </div>
   <div class='ocr_carea' id='block_1_8' title="bbox 0 0 1772 5068">
    <p class='ocr_par' dir='ltr' id='par_1_16' title="bbox 0 0 1772 5068">
     <span class='ocr_line' id='line_1_40' title="bbox 0 0 1772 5068; baseline 0 2"><span class='ocrx_word' id='word_1_264' title='bbox 0 0 1772 5068; x_wconf 95' lang='lat' dir='ltr'> </span> 
     </span>
    </p>
   </div>
  </div>
 </body>
</html>
