3536 5068
905 291 946 350 64

578 449 686 528 σεμνὰς
711 451 810 530 ἐρινῦς
833 453 1015 531 τανόποδας,
1039 459 1149 531 μαθεῖν
1173 451 1222 532 ἐμὲ

576 562 649 643 πρὸς
672 575 731 625 τῶν
756 567 906 644 Ἀτρειδῶν
931 564 970 638 ὡς
994 567 1149 645 διόλλυμαι
1173 567 1268 638 τάλας.

576 673 620 756 ἴτ’,
644 671 666 738 ὦ
689 685 801 758 ταχεῖαι
824 679 961 757 ποίνιμοῖ
982 677 1002 740 τ’
1030 679 1153 760 ἐρινύες,

575 792 709 871 parienda,
732 792 772 870 μὴ
796 793 948 871 φείδεσθε,
971 795 1132 872 πανδήμου
1159 804 1292 873 στρατοῦ.

333 906 462 979 rragm.
488 908 567 966 508:
821 889 822 892 ‘

778 1018 817 1092 ὡς
840 1016 896 1100 ἄρ’,
919 1014 942 1082 ὧ
965 1018 1079 1099 τέκνον,
1101 1021 1192 1098 κενὴν

532 1131 695 1212 ἐτερπόμην
719 1151 774 1194 σου
798 1132 903 1211 τέρψιν
928 1134 1157 1214 εὐλογοομένου,

532 1245 572 1319 ὡς
596 1249 710 1320 ζῶντος·
733 1243 752 1325 ἡ
778 1243 806 1307 δ’
833 1243 876 1326 ἄρ’
899 1247 935 1308 ’ἐν
959 1247 1051 1333 σκότῳ
1075 1247 1213 1307 λαθοῦσά
1238 1270 1272 1326 με

531 1358 617 1420 ἕσαιῖ
642 1357 760 1439 Ἐρινὺς
783 1357 907 1437 ἡδοναῖς
931 1357 1123 1438 ἐψευσμένον.

332 1476 425 1536 Locis
455 1479 566 1536 autem
597 1477 706 1536 allatis
737 1491 800 1535 non
831 1477 878 1536 ita
908 1477 1061 1536 distincte
1090 1478 1236 1549 potestas
1260 1477 1293 1536 et
1315 1477 1366 1536 vis
1390 1478 1559 1538 Furiarum

286 1590 487 1666 describitur,
526 1593 562 1650 ut
609 1592 733 1650 certum
776 1590 929 1663 quiddam
972 1590 1045 1649 inde
1088 1590 1276 1650 concludere
1320 1592 1412 1652 nobis
1453 1592 1559 1652 liceat.

286 1705 373 1764 Aiax
403 1719 515 1765 earum
545 1705 698 1778 implorat
725 1704 895 1779 auxilium,
920 1706 957 1763 ui
984 1704 1116 1764 Atridas
1141 1705 1257 1764 merita
1281 1704 1425 1766 afficiant
1448 1721 1560 1781 poena,

287 1819 321 1878 et
343 1819 448 1878 mater
471 1818 581 1878 Aiacis
605 1835 624 1878 a
647 1818 744 1878 Furia
767 1833 803 1878 se
827 1819 995 1892 deceptam
1021 1833 1092 1878 esse
1113 1819 1327 1894 conqueritur,
1351 1820 1461 1892 itaque
1484 1821 1561 1893 quin

286 1933 364 1992 deae
399 1933 449 1992 his
485 1932 564 1993 locis
598 1933 755 2006 dicantur,
786 1947 850 1993 non
881 1935 932 1993 est
963 1933 1192 2007 dubitandum;
1225 1933 1282 1993 sed
1306 1948 1404 2006 quam
1429 1934 1468 1993 ob
1491 1950 1562 1995 rem

288 2048 392 2107 mater
419 2062 475 2107 eas
498 2046 603 2106 fllium
627 2061 797 2120 aggressae
823 2062 895 2106 esse
920 2047 1029 2106 credat
1052 2047 1228 2122 nescimuS,
1253 2047 1337 2107 Aiax
1362 2049 1561 2108 autemnon

285 2161 418 2220 caedem
442 2162 499 2221 sed
521 2162 749 2221 tantummodo
772 2160 920 2220 fraudem
943 2160 1066 2219 Atridis
1090 2161 1226 2221 obiicere
1251 2163 1367 2234 potest.

331 2273 412 2349 Quid
447 2289 522 2334 vero
557 2275 635 2334 deae
669 2272 845 2349 perficiant,
882 2252 996 2332 utrum
1023 2273 1115 2332 Aiaci
1146 2288 1272 2332 morem
1304 2276 1418 2347 gerant
1450 2290 1561 2350 necne,

285 2386 524 2460 potestatemne
555 2387 694 2446 habeant
725 2386 918 2462 vindicandi,
948 2386 1000 2444 his
1032 2386 1071 2445 de
1101 2386 1197 2446 rebus
1220 2386 1301 2446 nihil
1325 2388 1490 2463 audimus;
1516 2387 1561 2447 nil

285 2500 384 2574 igitur
414 2502 549 2574 uterque
581 2501 671 2561 locus
702 2501 807 2573 arguit
838 2500 902 2559 nisi
932 2499 1096 2560 interdum
1123 2501 1207 2574 apud
1232 2500 1420 2574 Sophoclem
1446 2501 1560 2560 Furias

286 2612 363 2672 deas
386 2613 540 2674 invocari.

329 2728 460 2788 Duobus
482 2728 547 2789 illis
570 2729 649 2788 locis
672 2728 790 2788 tertius
814 2744 856 2789 ex
879 2729 993 2788 eadem
1016 2728 1125 2788 fabula
1153 2729 1317 2789 addendus
1344 2729 1478 2803 videtur,
1504 2728 1559 2787 ubi

286 2840 408 2901 Teucer
430 2841 541 2902 fratris
564 2845 704 2902 mortem
729 2842 898 2916 deplorans
922 2841 1087 2902 exclamat
1111 2845 1170 2912 (vs.
1198 2842 1310 2912 1034i:

597 2948 640 3033 ἆρ’
667 2953 723 3014 οὐκ
748 2952 845 3032 ἐρινὺς
869 2948 943 3014 τοῦτ’
971 2951 1144 3033 ἕχόλκευσεν
1168 2953 1253 3030 ξίφος

595 3067 734 3128 κάκεῖνον
750 3065 854 3145 Ἅιδης
880 3066 1061 3148 δημιουργὸς
1085 3065 1203 3148 &ypram

329 3183 430 3245 Deam
450 3184 502 3244 hic
521 3199 541 3242 a
559 3185 655 3257 poeta
674 3181 751 3255 fingi
771 3182 902 3241 Furiam
923 3182 1072 3256 equidem
1087 3198 1151 3242 non
1164 3181 1300 3256 infitior;
1315 3185 1349 3241 at
1361 3185 1557 3257 quantopere

282 3298 361 3357 haec
385 3298 444 3357 dea
466 3296 642 3371 Sophoclea
665 3296 765 3355 distat
785 3296 824 3355 ab
844 3296 1052 3370 Aeschyleisl
1074 3296 1200 3356 Numen
1223 3297 1309 3356 enim
1330 3297 1557 3371 perniciosum,

283 3425 347 3471 non
373 3411 519 3470 iustitiae
545 3411 731 3470 ministram
756 3410 900 3482 gladium
924 3410 1116 3470 fabricatam
1140 3426 1212 3470 esse
1237 3410 1359 3471 Teucer
1382 3411 1557 3487 contendit,
1669 3389 1675 3396 ’

283 3539 387 3597 neque
422 3525 458 3583 ut
492 3523 577 3583 Aiax
607 3538 685 3583 suas
717 3524 821 3584 lueret
851 3538 981 3598 poenas,
1013 3524 1108 3583 Furia
1140 3524 1261 3585 Teucro
1285 3525 1390 3585 iudice
1414 3525 1557 3601 perfecit,
1607 3575 1610 3583 s

284 3653 397 3698 verum
430 3640 467 3697 ut
496 3638 597 3696 miser
627 3638 736 3712 frater,
768 3638 920 3710 quamvis
943 3653 1006 3697 non
1031 3638 1119 3697 esset
1142 3638 1289 3714 meritus,
1314 3654 1445 3699 summa
1468 3639 1557 3700 clade

284 3753 475 3814 afficeretur.
497 3752 623 3812 Similia
643 3754 753 3812 autem
774 3767 871 3826 supra
891 3753 930 3812 ad
951 3752 1063 3812 Trach.
1087 3752 1172 3810 1050
1189 3752 1352 3828 annotavi,
1366 3754 1558 3826 quapropter

283 3882 369 3926 nunc
400 3881 463 3926 non
494 3866 638 3948 pluribus
669 3865 776 3926 verbis
806 3881 886 3939 opus
918 3881 990 3926 esse
1022 3865 1102 3925 mihi
1130 3865 1273 3940 videtur;
1298 3880 1373 3925 curn
1396 3865 1462 3925 illic
1485 3868 1557 3926 tum

283 3981 335 4040 hic
363 3980 556 4041 vocabulum
588 3975 686 4056 ἐρινύς
717 3993 781 4039 non
805 3979 937 4051 antiquo
961 3995 1058 4038 sensu
1082 3980 1252 4038 adhibetur
1275 3980 1353 4039 deae
1377 3979 1556 4039 secundum

284 4108 432 4154 severam
468 4094 629 4154 iustitiam
661 4093 835 4168 punientis,
867 4093 924 4153 sed
955 4094 995 4153 ad
1025 4108 1146 4152 numen
1178 4094 1338 4165 quoddam
1361 4093 1555 4154 horrendum

283 4207 530 4282 significandum
552 4209 737 4284 usurpatur,
762 4208 854 4268 cuius
877 4207 983 4267 ethica
1006 4208 1056 4266 vis
1079 4201 1201 4266 nullius
1224 4211 1274 4267 est
1297 4207 1466 4266 momenti.

328 4323 463 4396 Saepius
493 4338 558 4382 una
581 4338 657 4383 cum
680 4322 806 4396 superis
829 4323 1126 4382 commemorantur
1149 4323 1182 4380 et
1205 4336 1280 4381 cum
1304 4321 1344 4380 iis
1367 4321 1556 4381 coniunctae

284 4437 390 4497 scelus
413 4437 576 4497 vindicare
599 4436 774 4510 finguntur.

329 4550 364 4611 Ο.
389 4550 425 4611 R.
451 4552 514 4612 459
539 4566 608 4624 sqq.
655 4546 778 4620 ἔνοπλος
802 4546 858 4627 γὰρ
882 4543 922 4608 ἐπ’
950 4546 1042 4608 αὐτὸν
1067 4545 1267 4631 ἐπενθρῴσιιει

660 4662 733 4743 πυρὶ
756 4661 806 4723 καὶ
830 4668 983 4743 στεροπαῖς
1008 4659 1023 4722 δ
1049 4661 1121 4734 Διὸς
1144 4659 1270 4742 γενέτας·
