<?xml version="1.0" encoding="UTF-8"?>
<!DOCTYPE html PUBLIC "-//W3C//DTD XHTML 1.0 Transitional//EN"
    "http://www.w3.org/TR/xhtml1/DTD/xhtml1-transitional.dtd">
<html xmlns="http://www.w3.org/1999/xhtml" xml:lang="en" lang="en">
 <head>
  <title>
</title>
<meta http-equiv="Content-Type" content="text/html;charset=utf-8" />
  <meta name='ocr-system' content='tesseract 3.04.00' />
  <meta name='ocr-capabilities' content='ocr_page ocr_carea ocr_par ocr_line ocrx_word'/>
</head>
<body>
  <div class='ocr_page' id='page_1' title='image "./desophoclisoedi00hooygoog_0055.png"; bbox 0 0 3536 5068; ppageno 0'>
   <div class='ocr_carea' id='block_1_1' title="bbox 867 248 908 304">
    <p class='ocr_par' dir='ltr' id='par_1_1' title="bbox 867 248 908 304">
     <span class='ocr_line' id='line_1_1' title="bbox 867 248 908 304; baseline 0 0"><span class='ocrx_word' id='word_1_1' title='bbox 867 248 908 304; x_wconf 85' lang='lat'><strong>44</strong></span> 
     </span>
    </p>
   </div>
   <div class='ocr_carea' id='block_1_2' title="bbox 246 401 1525 4006">
    <p class='ocr_par' dir='ltr' id='par_1_2' title="bbox 246 401 1521 1504">
     <span class='ocr_line' id='line_1_2' title="bbox 249 401 1519 482; baseline 0 -22"><span class='ocrx_word' id='word_1_2' title='bbox 249 416 378 477; x_wconf 86' lang='lat' dir='ltr'><strong>semper</strong></span> <span class='ocrx_word' id='word_1_3' title='bbox 400 419 459 464; x_wconf 84' lang='lat' dir='ltr'><strong>suo</strong></span> <span class='ocrx_word' id='word_1_4' title='bbox 481 407 585 465; x_wconf 84' lang='lat' dir='ltr'><strong>marte</strong></span> <span class='ocrx_word' id='word_1_5' title='bbox 609 421 732 479; x_wconf 87' lang='lat' dir='ltr'><strong>suaque</strong></span> <span class='ocrx_word' id='word_1_6' title='bbox 755 408 869 482; x_wconf 84' lang='lat' dir='ltr'><strong>sponte</strong></span> <span class='ocrx_word' id='word_1_7' title='bbox 890 421 1024 466; x_wconf 89' lang='lat' dir='ltr'><strong>munere</strong></span> <span class='ocrx_word' id='word_1_8' title='bbox 1044 406 1231 479; x_wconf 82' lang='lat' dir='ltr'><strong>funguntur,</strong></span> <span class='ocrx_word' id='word_1_9' title='bbox 1253 404 1309 464; x_wconf 92' lang='lat' dir='ltr'><strong>sed</strong></span> <span class='ocrx_word' id='word_1_10' title='bbox 1330 417 1426 476; x_wconf 80' lang='lat' dir='ltr'>saepe</span> <span class='ocrx_word' id='word_1_11' title='bbox 1447 401 1519 461; x_wconf 89' lang='lat' dir='ltr'><strong>Orci</strong></span> 
     </span>
     <span class='ocr_line' id='line_1_3' title="bbox 249 515 1518 596; baseline 0.001 -23"><span class='ocrx_word' id='word_1_12' title='bbox 249 517 282 574; x_wconf 92' lang='lat' dir='ltr'><strong>et</strong></span> <span class='ocrx_word' id='word_1_13' title='bbox 305 515 514 591; x_wconf 79' lang='lat' dir='ltr'><strong>Proserpinae</strong></span> <span class='ocrx_word' id='word_1_14' title='bbox 538 520 692 580; x_wconf 90' lang='lat' dir='ltr'><strong>mandata</strong></span> <span class='ocrx_word' id='word_1_15' title='bbox 714 522 945 596; x_wconf 85' lang='lat' dir='ltr'><strong>exsequuntur,</strong></span> <span class='ocrx_word' id='word_1_16' title='bbox 969 521 1006 580; x_wconf 93' lang='lat' dir='ltr'><strong>ut</strong></span> <span class='ocrx_word' id='word_1_17' title='bbox 1030 535 1080 580; x_wconf 83' lang='lat' dir='ltr'><strong>err.</strong></span> <span class='ocrx_word' id='word_1_18' title='bbox 1102 519 1197 579; x_wconf 92' lang='lat' dir='ltr'><strong>Hom.</strong></span> <span class='ocrx_word' id='word_1_19' title='bbox 1218 515 1518 576; x_wconf 78' lang='grc'><strong>11111454-458</strong></span> 
     </span>
     <span class='ocr_line' id='line_1_4' title="bbox 249 627 1519 709; baseline -0.001 -21"><span class='ocrx_word' id='word_1_20' title='bbox 249 633 282 688; x_wconf 91' lang='lat' dir='ltr'><strong>et</strong></span> <span class='ocrx_word' id='word_1_21' title='bbox 312 631 487 693; x_wconf 79' lang='lat' dir='ltr'><strong>soe-573</strong></span> <span class='ocrx_word' id='word_1_22' title='bbox 516 633 587 694; x_wconf 90' lang='lat' dir='ltr'><strong>coll.</strong></span> <span class='ocrx_word' id='word_1_23' title='bbox 612 635 747 695; x_wconf 76' lang='lat' dir='ltr'>scholiis</span> <span class='ocrx_word' id='word_1_24' title='bbox 770 636 852 696; x_wconf 85' lang='lat' dir='ltr'><strong>satis</strong></span> <span class='ocrx_word' id='word_1_25' title='bbox 877 637 1026 709; x_wconf 87' lang='lat' dir='ltr'><strong>apparot;</strong></span> <span class='ocrx_word' id='word_1_26' title='bbox 1051 649 1155 707; x_wconf 89' lang='lat' dir='ltr'><strong>noque</strong></span> <span class='ocrx_word' id='word_1_27' title='bbox 1179 633 1212 692; x_wconf 90' lang='lat' dir='ltr'><strong>in</strong></span> <span class='ocrx_word' id='word_1_28' title='bbox 1235 645 1338 705; x_wconf 89' lang='lat' dir='ltr'><strong>poena</strong></span> <span class='ocrx_word' id='word_1_29' title='bbox 1362 627 1519 701; x_wconf 86' lang='lat' dir='ltr'><strong>exigenda</strong></span> 
     </span>
     <span class='ocr_line' id='line_1_5' title="bbox 246 742 1519 824; baseline -0.002 -23"><span class='ocrx_word' id='word_1_30' title='bbox 246 743 293 801; x_wconf 90' lang='lat' dir='ltr'><strong>ita</strong></span> <span class='ocrx_word' id='word_1_31' title='bbox 323 747 424 817; x_wconf 84' lang='lat' dir='ltr'><strong>agunt</strong></span> <span class='ocrx_word' id='word_1_32' title='bbox 454 747 601 820; x_wconf 88' lang='lat' dir='ltr'><strong>talesque</strong></span> <span class='ocrx_word' id='word_1_33' title='bbox 632 763 705 808; x_wconf 84' lang='lat' dir='ltr'><strong>sese</strong></span> <span class='ocrx_word' id='word_1_34' title='bbox 736 750 861 824; x_wconf 81' lang='lat' dir='ltr'><strong>gerunt,</strong></span> <span class='ocrx_word' id='word_1_35' title='bbox 893 750 930 808; x_wconf 91' lang='lat' dir='ltr'><strong>ut</strong></span> <span class='ocrx_word' id='word_1_36' title='bbox 957 762 1013 808; x_wconf 85' lang='lat' dir='ltr'><strong>eae</strong></span> <span class='ocrx_word' id='word_1_37' title='bbox 1038 748 1190 807; x_wconf 85' lang='lat' dir='ltr'><strong>vocantes</strong></span> <span class='ocrx_word' id='word_1_38' title='bbox 1214 742 1445 817; x_wconf 79' lang='lat' dir='ltr'><strong>obstupescant</strong></span> <span class='ocrx_word' id='word_1_39' title='bbox 1468 742 1519 800; x_wconf 92' lang='lat' dir='ltr'><strong>ho·</strong></span> 
     </span>
     <span class='ocr_line' id='line_1_6' title="bbox 247 857 1521 935; baseline -0.002 -19"><span class='ocrx_word' id='word_1_40' title='bbox 247 857 354 917; x_wconf 90' lang='lat' dir='ltr'><strong>mines</strong></span> <span class='ocrx_word' id='word_1_41' title='bbox 385 860 482 932; x_wconf 88' lang='lat' dir='ltr'><strong>atque</strong></span> <span class='ocrx_word' id='word_1_42' title='bbox 513 862 642 921; x_wconf 88' lang='lat' dir='ltr'><strong>horrore</strong></span> <span class='ocrx_word' id='word_1_43' title='bbox 673 863 828 935; x_wconf 90' lang='lat' dir='ltr'><strong>metuque</strong></span> <span class='ocrx_word' id='word_1_44' title='bbox 859 861 1072 935; x_wconf 83' lang='lat' dir='ltr'><strong>impleantur;</strong></span> <span class='ocrx_word' id='word_1_45' title='bbox 1104 861 1183 920; x_wconf 90' lang='lat' dir='ltr'><strong>deae</strong></span> <span class='ocrx_word' id='word_1_46' title='bbox 1211 858 1288 918; x_wconf 89' lang='lat' dir='ltr'><strong>sunt</strong></span> <span class='ocrx_word' id='word_1_47' title='bbox 1310 857 1460 930; x_wconf 84' lang='lat' dir='ltr'><strong>potentes</strong></span> <span class='ocrx_word' id='word_1_48' title='bbox 1483 869 1521 914; x_wconf 91' lang='lat' dir='ltr'><strong>ac</strong></span> 
     </span>
     <span class='ocr_line' id='line_1_7' title="bbox 248 970 1521 1049; baseline -0.002 -19"><span class='ocrx_word' id='word_1_49' title='bbox 248 985 373 1047; x_wconf 72' lang='lat' dir='ltr'><strong>graves</strong></span> <span class='ocrx_word' id='word_1_50' title='bbox 393 974 451 1033; x_wconf 89' lang='lat' dir='ltr'><strong>sed</strong></span> <span class='ocrx_word' id='word_1_51' title='bbox 471 989 575 1047; x_wconf 92' lang='lat' dir='ltr'><strong>neque</strong></span> <span class='ocrx_word' id='word_1_52' title='bbox 595 989 723 1048; x_wconf 86' lang='lat' dir='ltr'><strong>semper</strong></span> <span class='ocrx_word' id='word_1_53' title='bbox 745 976 885 1034; x_wconf 89' lang='lat' dir='ltr'><strong>mortem</strong></span> <span class='ocrx_word' id='word_1_54' title='bbox 904 973 1081 1049; x_wconf 89' lang='lat' dir='ltr'><strong>parricidae</strong></span> <span class='ocrx_word' id='word_1_55' title='bbox 1100 974 1225 1048; x_wconf 90' lang='lat' dir='ltr'><strong>petunt,</strong></span> <span class='ocrx_word' id='word_1_56' title='bbox 1247 985 1351 1043; x_wconf 86' lang='lat' dir='ltr'><strong>neque</strong></span> <span class='ocrx_word' id='word_1_57' title='bbox 1367 970 1521 1044; x_wconf 89' lang='lat' dir='ltr'><strong>perpetuo</strong></span> 
     </span>
     <span class='ocr_line' id='line_1_8' title="bbox 249 1083 1520 1163; baseline -0.002 -20"><span class='ocrx_word' id='word_1_58' title='bbox 249 1084 320 1144; x_wconf 90' lang='lat' dir='ltr'><strong>odio</strong></span> <span class='ocrx_word' id='word_1_59' title='bbox 340 1088 510 1147; x_wconf 79' lang='lat' dir='ltr'><strong>nocentem</strong></span> <span class='ocrx_word' id='word_1_60' title='bbox 531 1103 588 1163; x_wconf 90' lang='lat' dir='ltr'><strong>per</strong></span> <span class='ocrx_word' id='word_1_61' title='bbox 603 1087 707 1147; x_wconf 89' lang='lat' dir='ltr'><strong>vitam</strong></span> <span class='ocrx_word' id='word_1_62' title='bbox 723 1090 913 1161; x_wconf 85' lang='lat' dir='ltr'><strong>sequuntur.</strong></span> <span class='ocrx_word' id='word_1_63' title='bbox 927 1089 1098 1148; x_wconf 88' lang='lat' dir='ltr'><strong>Praeterea</strong></span> <span class='ocrx_word' id='word_1_64' title='bbox 1110 1101 1206 1160; x_wconf 89' lang='lat' dir='ltr'><strong>saepe</strong></span> <span class='ocrx_word' id='word_1_65' title='bbox 1219 1085 1351 1146; x_wconf 89' lang='lat' dir='ltr'><strong>caedem</strong></span> <span class='ocrx_word' id='word_1_66' title='bbox 1364 1083 1520 1142; x_wconf 86' lang='lat' dir='ltr'><strong>ulciscun-</strong></span> 
     </span>
     <span class='ocr_line' id='line_1_9' title="bbox 248 1197 1516 1278; baseline -0.002 -21"><span class='ocrx_word' id='word_1_67' title='bbox 248 1200 302 1258; x_wconf 90' lang='lat' dir='ltr'><strong>tur</strong></span> <span class='ocrx_word' id='word_1_68' title='bbox 322 1201 354 1259; x_wconf 91' lang='lat' dir='ltr'><strong>et</strong></span> <span class='ocrx_word' id='word_1_69' title='bbox 373 1215 449 1261; x_wconf 92' lang='lat' dir='ltr'><strong>cum</strong></span> <span class='ocrx_word' id='word_1_70' title='bbox 468 1201 580 1262; x_wconf 88' lang='lat' dir='ltr'><strong>inferis</strong></span> <span class='ocrx_word' id='word_1_71' title='bbox 600 1202 847 1278; x_wconf 84' lang='lat' dir='ltr'><strong>coniunguntur,</strong></span> <span class='ocrx_word' id='word_1_72' title='bbox 862 1203 995 1263; x_wconf 88' lang='lat' dir='ltr'><strong>sednon</strong></span> <span class='ocrx_word' id='word_1_73' title='bbox 1009 1201 1160 1262; x_wconf 89' lang='lat' dir='ltr'><strong>omnibus</strong></span> <span class='ocrx_word' id='word_1_74' title='bbox 1173 1199 1289 1272; x_wconf 92' lang='lat' dir='ltr'><strong>quibus</strong></span> <span class='ocrx_word' id='word_1_75' title='bbox 1303 1198 1387 1272; x_wconf 91' lang='lat' dir='ltr'><strong>apud</strong></span> <span class='ocrx_word' id='word_1_76' title='bbox 1401 1197 1516 1256; x_wconf 91' lang='lat' dir='ltr'><strong>Home·</strong></span> 
     </span>
     <span class='ocr_line' id='line_1_10' title="bbox 249 1296 1519 1391; baseline -0.002 -21"><span class='ocrx_word' id='word_1_77' title='bbox 249 1327 321 1371; x_wconf 88' lang='lat' dir='ltr'><strong>rum</strong></span> <span class='ocrx_word' id='word_1_78' title='bbox 341 1316 566 1374; x_wconf 90' lang='lat' dir='ltr'><strong>memorantur</strong></span> <span class='ocrx_word' id='word_1_79' title='bbox 586 1315 665 1375; x_wconf 87' lang='lat' dir='ltr'><strong>locis</strong></span> <span class='ocrx_word' id='word_1_80' title='bbox 684 1315 770 1375; x_wconf 88' lang='lat' dir='ltr'><strong>intra</strong></span> <span class='ocrx_word' id='word_1_81' title='bbox 789 1316 849 1376; x_wconf 89' lang='lat' dir='ltr'><strong>hos</strong></span> <span class='ocrx_word' id='word_1_82' title='bbox 868 1317 1014 1391; x_wconf 89' lang='lat' dir='ltr'><strong>potestas</strong></span> <span class='ocrx_word' id='word_1_83' title='bbox 1031 1296 1142 1375; x_wconf 87' lang='lat' dir='ltr'><strong>earum</strong></span> <span class='ocrx_word' id='word_1_84' title='bbox 1157 1313 1340 1374; x_wconf 84' lang='lat' dir='ltr'><strong>continetur</strong></span> <span class='ocrx_word' id='word_1_85' title='bbox 1352 1311 1519 1371; x_wconf 88' lang='lat' dir='ltr'><strong>terminos.</strong></span> 
     </span>
     <span class='ocr_line' id='line_1_11' title="bbox 294 1422 1521 1504; baseline -0.002 -20"><span class='ocrx_word' id='word_1_86' title='bbox 294 1425 393 1486; x_wconf 88' lang='lat' dir='ltr'><strong>Multo</strong></span> <span class='ocrx_word' id='word_1_87' title='bbox 429 1429 532 1488; x_wconf 89' lang='lat' dir='ltr'><strong>maior</strong></span> <span class='ocrx_word' id='word_1_88' title='bbox 567 1429 650 1502; x_wconf 90' lang='lat' dir='ltr'><strong>apud</strong></span> <span class='ocrx_word' id='word_1_89' title='bbox 685 1429 885 1504; x_wconf 84' lang='lat' dir='ltr'><strong>Aeschylum</strong></span> <span class='ocrx_word' id='word_1_90' title='bbox 919 1445 1030 1490; x_wconf 90' lang='lat' dir='ltr'><strong>earum</strong></span> <span class='ocrx_word' id='word_1_91' title='bbox 1066 1428 1198 1501; x_wconf 84' lang='lat' dir='ltr'><strong>fingitur</strong></span> <span class='ocrx_word' id='word_1_92' title='bbox 1229 1426 1385 1500; x_wconf 80' lang='lat' dir='ltr'><strong>potestas,</strong></span> <span class='ocrx_word' id='word_1_93' title='bbox 1418 1422 1521 1482; x_wconf 90' lang='lat' dir='ltr'><strong>multo</strong></span> 
     </span>
    </p>

    <p class='ocr_par' dir='ltr' id='par_1_3' title="bbox 248 1537 1525 3320">
     <span class='ocr_line' id='line_1_12' title="bbox 249 1537 1521 1617; baseline -0.002 -19"><span class='ocrx_word' id='word_1_94' title='bbox 249 1541 432 1600; x_wconf 81' lang='lat' dir='ltr'><strong>accuratius</strong></span> <span class='ocrx_word' id='word_1_95' title='bbox 456 1543 615 1617; x_wconf 87' lang='lat' dir='ltr'><strong>descripta</strong></span> <span class='ocrx_word' id='word_1_96' title='bbox 639 1545 689 1603; x_wconf 89' lang='lat' dir='ltr'><strong>est</strong></span> <span class='ocrx_word' id='word_1_97' title='bbox 713 1544 880 1616; x_wconf 91' lang='lat' dir='ltr'><strong>multoque</strong></span> <span class='ocrx_word' id='word_1_98' title='bbox 905 1544 1048 1604; x_wconf 87' lang='lat' dir='ltr'><strong>crebrius</strong></span> <span class='ocrx_word' id='word_1_99' title='bbox 1072 1543 1110 1602; x_wconf 90' lang='lat' dir='ltr'><strong>de</strong></span> <span class='ocrx_word' id='word_1_100' title='bbox 1134 1543 1174 1601; x_wconf 88' lang='lat' dir='ltr'><strong>iis</strong></span> <span class='ocrx_word' id='word_1_101' title='bbox 1197 1539 1235 1601; x_wconf 86' lang='grc'><strong>111</strong></span> <span class='ocrx_word' id='word_1_102' title='bbox 1258 1539 1391 1600; x_wconf 89' lang='lat' dir='ltr'><strong>mentio.</strong></span> <span class='ocrx_word' id='word_1_103' title='bbox 1411 1537 1521 1610; x_wconf 88' lang='lat' dir='ltr'><strong>Neque</strong></span> 
     </span>
     <span class='ocr_line' id='line_1_13' title="bbox 249 1651 1520 1730; baseline -0.002 -19"><span class='ocrx_word' id='word_1_104' title='bbox 249 1656 300 1712; x_wconf 88' lang='lat' dir='ltr'><strong>est</strong></span> <span class='ocrx_word' id='word_1_105' title='bbox 331 1655 413 1725; x_wconf 93' lang='lat' dir='ltr'><strong>quod</strong></span> <span class='ocrx_word' id='word_1_106' title='bbox 438 1655 610 1730; x_wconf 91' lang='lat' dir='ltr'><strong>miremur;</strong></span> <span class='ocrx_word' id='word_1_107' title='bbox 635 1656 788 1729; x_wconf 88' lang='lat' dir='ltr'><strong>quoniam</strong></span> <span class='ocrx_word' id='word_1_108' title='bbox 811 1657 844 1716; x_wconf 92' lang='lat' dir='ltr'><strong>in</strong></span> <span class='ocrx_word' id='word_1_109' title='bbox 867 1657 1033 1730; x_wconf 82' lang='lat' dir='ltr'><strong>tragoedia</strong></span> <span class='ocrx_word' id='word_1_110' title='bbox 1057 1671 1153 1729; x_wconf 85' lang='lat' dir='ltr'><strong>saepe</strong></span> <span class='ocrx_word' id='word_1_111' title='bbox 1177 1655 1284 1728; x_wconf 81' lang='lat' dir='ltr'><strong>agitur</strong></span> <span class='ocrx_word' id='word_1_112' title='bbox 1307 1654 1346 1713; x_wconf 92' lang='grc'><strong>13</strong></span> <span class='ocrx_word' id='word_1_113' title='bbox 1370 1651 1464 1725; x_wconf 90' lang='lat' dir='ltr'><strong>culpa</strong></span> <span class='ocrx_word' id='word_1_114' title='bbox 1487 1654 1520 1710; x_wconf 92' lang='lat' dir='ltr'><strong>et</strong></span> 
     </span>
     <span class='ocr_line' id='line_1_14' title="bbox 249 1765 1519 1846; baseline 0 -22"><span class='ocrx_word' id='word_1_115' title='bbox 249 1766 288 1825; x_wconf 87' lang='grc'><strong>13</strong></span> <span class='ocrx_word' id='word_1_116' title='bbox 316 1765 430 1827; x_wconf 86' lang='lat' dir='ltr'><strong>officiis</strong></span> <span class='ocrx_word' id='word_1_117' title='bbox 454 1769 627 1842; x_wconf 88' lang='lat' dir='ltr'><strong>quaerique</strong></span> <span class='ocrx_word' id='word_1_118' title='bbox 650 1770 743 1846; x_wconf 89' lang='lat' dir='ltr'><strong>solet,</strong></span> <span class='ocrx_word' id='word_1_119' title='bbox 768 1785 830 1844; x_wconf 91' lang='lat' dir='ltr'><strong>quo</strong></span> <span class='ocrx_word' id='word_1_120' title='bbox 854 1770 949 1830; x_wconf 91' lang='lat' dir='ltr'><strong>modo</strong></span> <span class='ocrx_word' id='word_1_121' title='bbox 972 1770 1028 1830; x_wconf 90' lang='grc'><strong>1113</strong></span> <span class='ocrx_word' id='word_1_122' title='bbox 1050 1769 1212 1844; x_wconf 89' lang='lat' dir='ltr'><strong>puniatur,</strong></span> <span class='ocrx_word' id='word_1_123' title='bbox 1236 1768 1316 1827; x_wconf 91' lang='lat' dir='ltr'><strong>haec</strong></span> <span class='ocrx_word' id='word_1_124' title='bbox 1339 1781 1401 1839; x_wconf 91' lang='lat' dir='ltr'><strong>quo</strong></span> <span class='ocrx_word' id='word_1_125' title='bbox 1425 1766 1519 1825; x_wconf 93' lang='lat' dir='ltr'><strong>modo</strong></span> 
     </span>
     <span class='ocr_line' id='line_1_15' title="bbox 249 1879 1520 1958; baseline -0.002 -19"><span class='ocrx_word' id='word_1_126' title='bbox 249 1881 333 1940; x_wconf 92' lang='lat' dir='ltr'><strong>inter</strong></span> <span class='ocrx_word' id='word_1_127' title='bbox 364 1896 399 1940; x_wconf 86' lang='lat' dir='ltr'><strong>so</strong></span> <span class='ocrx_word' id='word_1_128' title='bbox 429 1885 582 1958; x_wconf 83' lang='lat' dir='ltr'><strong>pugnent,</strong></span> <span class='ocrx_word' id='word_1_129' title='bbox 615 1883 747 1943; x_wconf 89' lang='lat' dir='ltr'><strong>maioris</strong></span> <span class='ocrx_word' id='word_1_130' title='bbox 775 1885 933 1944; x_wconf 86' lang='lat' dir='ltr'><strong>momenti</strong></span> <span class='ocrx_word' id='word_1_131' title='bbox 956 1884 1071 1944; x_wconf 78' lang='lat' dir='ltr'><strong>Furiae</strong></span> <span class='ocrx_word' id='word_1_132' title='bbox 1094 1882 1175 1942; x_wconf 89' lang='lat' dir='ltr'><strong>fiant</strong></span> <span class='ocrx_word' id='word_1_133' title='bbox 1197 1896 1330 1942; x_wconf 86' lang='lat' dir='ltr'><strong>necesse</strong></span> <span class='ocrx_word' id='word_1_134' title='bbox 1354 1881 1422 1954; x_wconf 76' lang='lat' dir='ltr'><strong>est,</strong></span> <span class='ocrx_word' id='word_1_135' title='bbox 1446 1879 1520 1938; x_wconf 90' lang='lat' dir='ltr'><strong>illae</strong></span> 
     </span>
     <span class='ocr_line' id='line_1_16' title="bbox 249 1992 1521 2070; baseline 0 -18"><span class='ocrx_word' id='word_1_136' title='bbox 249 1995 336 2053; x_wconf 91' lang='lat' dir='ltr'><strong>enim</strong></span> <span class='ocrx_word' id='word_1_137' title='bbox 361 1997 393 2053; x_wconf 90' lang='lat' dir='ltr'><strong>et</strong></span> <span class='ocrx_word' id='word_1_138' title='bbox 414 1994 542 2069; x_wconf 87' lang='lat' dir='ltr'><strong>culpam</strong></span> <span class='ocrx_word' id='word_1_139' title='bbox 566 1997 745 2056; x_wconf 88' lang='lat' dir='ltr'><strong>admissam</strong></span> <span class='ocrx_word' id='word_1_140' title='bbox 766 1998 799 2056; x_wconf 95' lang='grc'><strong>31</strong></span> <span class='ocrx_word' id='word_1_141' title='bbox 818 1996 962 2057; x_wconf 86' lang='lat' dir='ltr'><strong>officium</strong></span> <span class='ocrx_word' id='word_1_142' title='bbox 981 1997 1165 2070; x_wconf 84' lang='lat' dir='ltr'><strong>neglectum</strong></span> <span class='ocrx_word' id='word_1_143' title='bbox 1187 1994 1360 2055; x_wconf 88' lang='lat' dir='ltr'><strong>vindicant.</strong></span> <span class='ocrx_word' id='word_1_144' title='bbox 1381 1992 1521 2053; x_wconf 79' lang='lat' dir='ltr'><strong>Eaedem</strong></span> 
     </span>
     <span class='ocr_line' id='line_1_17' title="bbox 248 2107 1523 2186; baseline 0 -21"><span class='ocrx_word' id='word_1_145' title='bbox 248 2108 360 2166; x_wconf 87' lang='lat' dir='ltr'><strong>tamon</strong></span> <span class='ocrx_word' id='word_1_146' title='bbox 392 2108 480 2183; x_wconf 88' lang='lat' dir='ltr'><strong>deae,</strong></span> <span class='ocrx_word' id='word_1_147' title='bbox 513 2123 595 2181; x_wconf 89' lang='lat' dir='ltr'><strong>quae</strong></span> <span class='ocrx_word' id='word_1_148' title='bbox 622 2110 785 2184; x_wconf 86' lang='lat' dir='ltr'><strong>improbos</strong></span> <span class='ocrx_word' id='word_1_149' title='bbox 819 2110 930 2170; x_wconf 87' lang='lat' dir='ltr'><strong>ulcisci</strong></span> <span class='ocrx_word' id='word_1_150' title='bbox 954 2111 1096 2186; x_wconf 87' lang='lat' dir='ltr'><strong>student,</strong></span> <span class='ocrx_word' id='word_1_151' title='bbox 1121 2110 1213 2169; x_wconf 89' lang='lat' dir='ltr'><strong>bonis</strong></span> <span class='ocrx_word' id='word_1_152' title='bbox 1237 2110 1270 2168; x_wconf 90' lang='grc'><strong>31</strong></span> <span class='ocrx_word' id='word_1_153' title='bbox 1293 2108 1354 2183; x_wconf 90' lang='lat' dir='ltr'><strong>piis</strong></span> <span class='ocrx_word' id='word_1_154' title='bbox 1378 2107 1523 2182; x_wconf 89' lang='lat' dir='ltr'><strong>praemia</strong></span> 
     </span>
     <span class='ocr_line' id='line_1_18' title="bbox 249 2220 1522 2297; baseline 0.002 -19"><span class='ocrx_word' id='word_1_155' title='bbox 249 2222 346 2292; x_wconf 89' lang='lat' dir='ltr'><strong>atque</strong></span> <span class='ocrx_word' id='word_1_156' title='bbox 370 2220 524 2282; x_wconf 87' lang='lat' dir='ltr'><strong>beneficia</strong></span> <span class='ocrx_word' id='word_1_157' title='bbox 553 2223 745 2297; x_wconf 90' lang='lat' dir='ltr'><strong>impertiunt</strong></span> <span class='ocrx_word' id='word_1_158' title='bbox 768 2225 801 2284; x_wconf 93' lang='lat' dir='ltr'><strong>et</strong></span> <span class='ocrx_word' id='word_1_159' title='bbox 824 2239 899 2284; x_wconf 92' lang='lat' dir='ltr'><strong>cum</strong></span> <span class='ocrx_word' id='word_1_160' title='bbox 923 2225 1073 2284; x_wconf 87' lang='lat' dir='ltr'><strong>omnibus</strong></span> <span class='ocrx_word' id='word_1_161' title='bbox 1096 2225 1162 2283; x_wconf 84' lang='lat' dir='ltr'><strong>iere</strong></span> <span class='ocrx_word' id='word_1_162' title='bbox 1187 2223 1248 2282; x_wconf 86' lang='lat' dir='ltr'><strong>diis</strong></span> <span class='ocrx_word' id='word_1_163' title='bbox 1271 2222 1383 2282; x_wconf 87' lang='lat' dir='ltr'><strong>inferis</strong></span> <span class='ocrx_word' id='word_1_164' title='bbox 1406 2222 1467 2281; x_wconf 91' lang='lat' dir='ltr'><strong>hac</strong></span> <span class='ocrx_word' id='word_1_165' title='bbox 1490 2221 1522 2280; x_wconf 91' lang='lat' dir='ltr'><strong>in</strong></span> 
     </span>
     <span class='ocr_line' id='line_1_19' title="bbox 249 2334 1524 2412; baseline 0.001 -19"><span class='ocrx_word' id='word_1_166' title='bbox 249 2349 283 2393; x_wconf 89' lang='lat' dir='ltr'><strong>re</strong></span> <span class='ocrx_word' id='word_1_167' title='bbox 315 2336 504 2411; x_wconf 83' lang='lat' dir='ltr'><strong>congruunt,</strong></span> <span class='ocrx_word' id='word_1_168' title='bbox 536 2338 620 2409; x_wconf 93' lang='lat' dir='ltr'><strong>quod</strong></span> <span class='ocrx_word' id='word_1_169' title='bbox 651 2337 744 2409; x_wconf 87' lang='lat' dir='ltr'><strong>quasi</strong></span> <span class='ocrx_word' id='word_1_170' title='bbox 776 2337 935 2411; x_wconf 87' lang='lat' dir='ltr'><strong>duplicem</strong></span> <span class='ocrx_word' id='word_1_171' title='bbox 965 2338 1086 2398; x_wconf 88' lang='lat' dir='ltr'><strong>habent</strong></span> <span class='ocrx_word' id='word_1_172' title='bbox 1109 2336 1319 2412; x_wconf 89' lang='lat' dir='ltr'><strong>provinciam.</strong></span> <span class='ocrx_word' id='word_1_173' title='bbox 1343 2334 1524 2395; x_wconf 86' lang='lat' dir='ltr'><strong>Benevolas</strong></span> 
     </span>
     <span class='ocr_line' id='line_1_20' title="bbox 250 2447 1524 2526; baseline 0.001 -20"><span class='ocrx_word' id='word_1_174' title='bbox 250 2449 360 2507; x_wconf 90' lang='lat' dir='ltr'><strong>autem</strong></span> <span class='ocrx_word' id='word_1_175' title='bbox 393 2450 426 2508; x_wconf 90' lang='grc'><strong>31</strong></span> <span class='ocrx_word' id='word_1_176' title='bbox 456 2450 611 2523; x_wconf 89' lang='lat' dir='ltr'><strong>propitias</strong></span> <span class='ocrx_word' id='word_1_177' title='bbox 642 2466 717 2510; x_wconf 87' lang='lat' dir='ltr'><strong>curn</strong></span> <span class='ocrx_word' id='word_1_178' title='bbox 748 2465 783 2510; x_wconf 87' lang='lat' dir='ltr'><strong>se</strong></span> <span class='ocrx_word' id='word_1_179' title='bbox 814 2452 991 2526; x_wconf 85' lang='lat' dir='ltr'><strong>praestant,</strong></span> <span class='ocrx_word' id='word_1_180' title='bbox 1023 2450 1217 2510; x_wconf 78' lang='lat' dir='ltr'><strong>Eumenides</strong></span> <span class='ocrx_word' id='word_1_181' title='bbox 1241 2447 1395 2523; x_wconf 84' lang='lat' dir='ltr'><strong>appellari</strong></span> <span class='ocrx_word' id='word_1_182' title='bbox 1418 2447 1524 2508; x_wconf 91' lang='lat' dir='ltr'><strong>solent</strong></span> 
     </span>
     <span class='ocr_line' id='line_1_21' title="bbox 250 2560 1523 2639; baseline 0 -20"><span class='ocrx_word' id='word_1_183' title='bbox 250 2562 282 2620; x_wconf 92' lang='lat' dir='ltr'><strong>et</strong></span> <span class='ocrx_word' id='word_1_184' title='bbox 316 2560 519 2622; x_wconf 87' lang='lat' dir='ltr'><strong>fertilitatem</strong></span> <span class='ocrx_word' id='word_1_185' title='bbox 549 2565 626 2624; x_wconf 90' lang='lat' dir='ltr'><strong>dare</strong></span> <span class='ocrx_word' id='word_1_186' title='bbox 657 2564 754 2639; x_wconf 81' lang='lat' dir='ltr'><strong>agris,</strong></span> <span class='ocrx_word' id='word_1_187' title='bbox 786 2565 934 2625; x_wconf 86' lang='lat' dir='ltr'><strong>homines</strong></span> <span class='ocrx_word' id='word_1_188' title='bbox 973 2565 1083 2625; x_wconf 89' lang='lat' dir='ltr'><strong>liberis</strong></span> <span class='ocrx_word' id='word_1_189' title='bbox 1113 2579 1231 2636; x_wconf 82' lang='lat' dir='ltr'><strong>augere</strong></span> <span class='ocrx_word' id='word_1_190' title='bbox 1263 2562 1446 2622; x_wconf 89' lang='lat' dir='ltr'><strong>creduntur.</strong></span> <span class='ocrx_word' id='word_1_191' title='bbox 1478 2560 1523 2620; x_wconf 91' lang='lat' dir='ltr'><strong>Ut</strong></span> 
     </span>
     <span class='ocr_line' id='line_1_22' title="bbox 249 2674 1523 2754; baseline -0.002 -19"><span class='ocrx_word' id='word_1_192' title='bbox 249 2677 359 2735; x_wconf 91' lang='lat' dir='ltr'><strong>nostro</strong></span> <span class='ocrx_word' id='word_1_193' title='bbox 390 2676 520 2736; x_wconf 90' lang='lat' dir='ltr'><strong>saeculo</strong></span> <span class='ocrx_word' id='word_1_194' title='bbox 549 2677 698 2738; x_wconf 87' lang='lat' dir='ltr'><strong>homines</strong></span> <span class='ocrx_word' id='word_1_195' title='bbox 731 2677 895 2754; x_wconf 81' lang='lat' dir='ltr'><strong>Catholici,</strong></span> <span class='ocrx_word' id='word_1_196' title='bbox 928 2678 982 2752; x_wconf 91' lang='lat' dir='ltr'><strong>qui</strong></span> <span class='ocrx_word' id='word_1_197' title='bbox 1005 2693 1107 2752; x_wconf 91' lang='lat' dir='ltr'><strong>nuper</strong></span> <span class='ocrx_word' id='word_1_198' title='bbox 1130 2677 1338 2736; x_wconf 89' lang='lat' dir='ltr'><strong>matrimonio</strong></span> <span class='ocrx_word' id='word_1_199' title='bbox 1361 2674 1523 2736; x_wconf 89' lang='lat' dir='ltr'><strong>coniuncti</strong></span> 
     </span>
     <span class='ocr_line' id='line_1_23' title="bbox 250 2790 1522 2868; baseline 0 -20"><span class='ocrx_word' id='word_1_200' title='bbox 250 2791 337 2864; x_wconf 90' lang='lat' dir='ltr'><strong>sunt,</strong></span> <span class='ocrx_word' id='word_1_201' title='bbox 362 2791 402 2849; x_wconf 91' lang='grc'><strong>31</strong></span> <span class='ocrx_word' id='word_1_202' title='bbox 426 2790 538 2850; x_wconf 87' lang='lat' dir='ltr'><strong>urbem</strong></span> <span class='ocrx_word' id='word_1_203' title='bbox 566 2792 747 2866; x_wconf 73' lang='lat' dir='ltr'><strong>„noardes”</strong></span> <span class='ocrx_word' id='word_1_204' title='bbox 772 2793 834 2852; x_wconf 91' lang='lat' dir='ltr'><strong>iter</strong></span> <span class='ocrx_word' id='word_1_205' title='bbox 857 2792 989 2868; x_wconf 87' lang='lat' dir='ltr'><strong>faciunt,</strong></span> <span class='ocrx_word' id='word_1_206' title='bbox 1014 2795 1050 2851; x_wconf 92' lang='lat' dir='ltr'><strong>ut</strong></span> <span class='ocrx_word' id='word_1_207' title='bbox 1071 2792 1228 2864; x_wconf 85' lang='lat' dir='ltr'><strong>virginem</strong></span> <span class='ocrx_word' id='word_1_208' title='bbox 1257 2792 1407 2851; x_wconf 90' lang='lat' dir='ltr'><strong>sanctam</strong></span> <span class='ocrx_word' id='word_1_209' title='bbox 1432 2804 1522 2849; x_wconf 89' lang='lat' dir='ltr'><strong>vene·</strong></span> 
     </span>
     <span class='ocr_line' id='line_1_24' title="bbox 250 2904 1523 2981; baseline 0.001 -19"><span class='ocrx_word' id='word_1_210' title='bbox 250 2904 370 2979; x_wconf 89' lang='lat' dir='ltr'><strong>rentur,</strong></span> <span class='ocrx_word' id='word_1_211' title='bbox 390 2904 437 2963; x_wconf 89' lang='lat' dir='ltr'><strong>ita</strong></span> <span class='ocrx_word' id='word_1_212' title='bbox 456 2905 598 2978; x_wconf 87' lang='lat' dir='ltr'><strong>antiquis</strong></span> <span class='ocrx_word' id='word_1_213' title='bbox 616 2907 817 2980; x_wconf 88' lang='lat' dir='ltr'><strong>temporibus</strong></span> <span class='ocrx_word' id='word_1_214' title='bbox 834 2907 942 2981; x_wconf 88' lang='lat' dir='ltr'><strong>paullo</strong></span> <span class='ocrx_word' id='word_1_215' title='bbox 955 2908 1028 2981; x_wconf 86' lang='lat' dir='ltr'><strong>post</strong></span> <span class='ocrx_word' id='word_1_216' title='bbox 1039 2905 1286 2966; x_wconf 88' lang='lat' dir='ltr'><strong>matrimonium</strong></span> <span class='ocrx_word' id='word_1_217' title='bbox 1296 2905 1523 2979; x_wconf 74' lang='lat' dir='ltr'><strong>AthenienseS,</strong></span> 
     </span>
     <span class='ocr_line' id='line_1_25' title="bbox 251 2997 1522 3096; baseline 0.002 -21"><span class='ocrx_word' id='word_1_218' title='bbox 251 3019 288 3076; x_wconf 89' lang='lat' dir='ltr'><strong>ut</strong></span> <span class='ocrx_word' id='word_1_219' title='bbox 317 3016 512 3078; x_wconf 80' lang='lat' dir='ltr'><strong>Eumenides</strong></span> <span class='ocrx_word' id='word_1_220' title='bbox 543 3019 605 3078; x_wconf 89' lang='lat' dir='ltr'><strong>sibi</strong></span> <span class='ocrx_word' id='word_1_221' title='bbox 635 3020 792 3096; x_wconf 87' lang='lat' dir='ltr'><strong>faverent,</strong></span> <span class='ocrx_word' id='word_1_222' title='bbox 824 3020 857 3079; x_wconf 91' lang='lat' dir='ltr'><strong>in</strong></span> <span class='ocrx_word' id='word_1_223' title='bbox 885 3035 996 3080; x_wconf 84' lang='lat' dir='ltr'><strong>aarum</strong></span> <span class='ocrx_word' id='word_1_224' title='bbox 1020 3019 1142 3093; x_wconf 87' lang='lat' dir='ltr'><strong>templo</strong></span> <span class='ocrx_word' id='word_1_225' title='bbox 1167 3019 1381 3093; x_wconf 88' lang='lat' dir='ltr'><strong>precabantur</strong></span> <span class='ocrx_word' id='word_1_226' title='bbox 1396 2997 1427 3087; x_wconf 53' lang='grc' dir='ltr'><strong>ἵ).</strong></span> <span class='ocrx_word' id='word_1_227' title='bbox 1452 3017 1522 3078; x_wconf 88' lang='lat' dir='ltr'><strong>Pro-</strong></span> 
     </span>
     <span class='ocr_line' id='line_1_26' title="bbox 250 3131 1525 3208; baseline 0.002 -19"><span class='ocrx_word' id='word_1_228' title='bbox 250 3131 348 3205; x_wconf 90' lang='lat' dir='ltr'><strong>pitiae</strong></span> <span class='ocrx_word' id='word_1_229' title='bbox 380 3147 456 3192; x_wconf 88' lang='lat' dir='ltr'><strong>voro</strong></span> <span class='ocrx_word' id='word_1_230' title='bbox 488 3147 564 3192; x_wconf 92' lang='lat' dir='ltr'><strong>cum</strong></span> <span class='ocrx_word' id='word_1_231' title='bbox 595 3133 628 3192; x_wconf 91' lang='lat' dir='ltr'><strong>in</strong></span> <span class='ocrx_word' id='word_1_232' title='bbox 660 3133 818 3208; x_wconf 88' lang='lat' dir='ltr'><strong>Oedipode</strong></span> <span class='ocrx_word' id='word_1_233' title='bbox 843 3133 979 3194; x_wconf 82' lang='lat' dir='ltr'><strong>Ooloneo</strong></span> <span class='ocrx_word' id='word_1_234' title='bbox 1003 3136 1074 3193; x_wconf 90' lang='lat' dir='ltr'><strong>tum</strong></span> <span class='ocrx_word' id='word_1_235' title='bbox 1100 3133 1132 3193; x_wconf 90' lang='lat' dir='ltr'><strong>in</strong></span> <span class='ocrx_word' id='word_1_236' title='bbox 1162 3132 1308 3192; x_wconf 86' lang='lat' dir='ltr'><strong>Orestiae</strong></span> <span class='ocrx_word' id='word_1_237' title='bbox 1332 3132 1423 3192; x_wconf 85' lang='lat' dir='ltr'><strong>exitu</strong></span> <span class='ocrx_word' id='word_1_238' title='bbox 1446 3132 1525 3191; x_wconf 90' lang='lat' dir='ltr'><strong>deae</strong></span> 
     </span>
     <span class='ocr_line' id='line_1_27' title="bbox 251 3243 1283 3320; baseline 0.004 -18"><span class='ocrx_word' id='word_1_239' title='bbox 251 3243 425 3320; x_wconf 85' lang='lat' dir='ltr'><strong>finguntur,</strong></span> <span class='ocrx_word' id='word_1_240' title='bbox 450 3246 566 3306; x_wconf 90' lang='lat' dir='ltr'><strong>ubido</strong></span> <span class='ocrx_word' id='word_1_241' title='bbox 591 3246 632 3305; x_wconf 88' lang='lat' dir='ltr'><strong>iis</strong></span> <span class='ocrx_word' id='word_1_242' title='bbox 655 3246 799 3307; x_wconf 89' lang='lat' dir='ltr'><strong>Minerva</strong></span> <span class='ocrx_word' id='word_1_243' title='bbox 822 3246 964 3307; x_wconf 87' lang='lat' dir='ltr'><strong>declarat</strong></span> <span class='ocrx_word' id='word_1_244' title='bbox 987 3246 1090 3317; x_wconf 85' lang='lat' dir='ltr'><strong>(Eum.</strong></span> <span class='ocrx_word' id='word_1_245' title='bbox 1116 3261 1164 3306; x_wconf 82' lang='lat' dir='ltr'><strong>va.</strong></span> <span class='ocrx_word' id='word_1_246' title='bbox 1190 3247 1283 3316; x_wconf 73' lang='lat' dir='ltr'><strong>eall:</strong></span> 
     </span>
    </p>

    <p class='ocr_par' dir='ltr' id='par_1_4' title="bbox 517 3352 1161 3439">
     <span class='ocr_line' id='line_1_28' title="bbox 517 3352 1161 3439; baseline 0.002 -21"><span class='ocrx_word' id='word_1_247' title='bbox 517 3359 614 3419; x_wconf 79' lang='grc' dir='ltr'><strong><em>πάντα</em></strong></span> <span class='ocrx_word' id='word_1_248' title='bbox 637 3357 693 3439; x_wconf 75' lang='grc' dir='ltr'><strong>γὰρ</strong></span> <span class='ocrx_word' id='word_1_249' title='bbox 716 3352 805 3419; x_wconf 82' lang='grc' dir='ltr'><strong><em>αὗται</em></strong></span> <span class='ocrx_word' id='word_1_250' title='bbox 827 3358 863 3419; x_wconf 84' lang='grc' dir='ltr'><strong>τὰ</strong></span> <span class='ocrx_word' id='word_1_251' title='bbox 886 3355 951 3419; x_wconf 77' lang='grc' dir='ltr'><strong><em>κατ’</em></strong></span> <span class='ocrx_word' id='word_1_252' title='bbox 978 3357 1161 3439; x_wconf 78' lang='grc' dir='ltr'><strong><em>ἀνθρώπους</em></strong></span> 
     </span>
    </p>

    <p class='ocr_par' dir='ltr' id='par_1_5' title="bbox 252 3470 765 3658">
     <span class='ocr_line' id='line_1_29' title="bbox 518 3470 765 3551; baseline 0.004 -20"><span class='ocrx_word' id='word_1_253' title='bbox 518 3471 621 3551; x_wconf 76' lang='grc' dir='ltr'><strong><em>ἔλαχον</em></strong></span> <span class='ocrx_word' id='word_1_254' title='bbox 646 3470 765 3532; x_wconf 76' lang='grc' dir='ltr'><strong><em>διέπειν.</em></strong></span> 
     </span>
     <span class='ocr_line' id='line_1_30' title="bbox 252 3587 604 3658; baseline 0.009 -13"><span class='ocrx_word' id='word_1_255' title='bbox 252 3589 285 3646; x_wconf 89' lang='grc'><strong>31</strong></span> <span class='ocrx_word' id='word_1_256' title='bbox 309 3587 412 3657; x_wconf 84' lang='lat' dir='ltr'><strong>(Eum.</strong></span> <span class='ocrx_word' id='word_1_257' title='bbox 439 3603 486 3648; x_wconf 92' lang='lat' dir='ltr'><strong>vs.</strong></span> <span class='ocrx_word' id='word_1_258' title='bbox 512 3589 604 3658; x_wconf 83' lang='lat'>951):</span> 
     </span>
    </p>

    <p class='ocr_par' dir='ltr' id='par_1_6' title="bbox 518 3699 1125 4006">
     <span class='ocr_line' id='line_1_31' title="bbox 787 3699 1089 3780; baseline -0.003 -21"><span class='ocrx_word' id='word_1_259' title='bbox 787 3699 860 3780; x_wconf 80' lang='grc' dir='ltr'><strong><em>μέγα</em></strong></span> <span class='ocrx_word' id='word_1_260' title='bbox 883 3699 939 3780; x_wconf 77' lang='grc' dir='ltr'><strong>γὰρ</strong></span> <span class='ocrx_word' id='word_1_261' title='bbox 964 3700 1089 3760; x_wconf 82' lang='grc' dir='ltr'><strong><em>δύναται</em></strong></span> 
     </span>
     <span class='ocr_line' id='line_1_32' title="bbox 518 3807 1099 3892; baseline 0 -20"><span class='ocrx_word' id='word_1_262' title='bbox 518 3807 611 3874; x_wconf 76' lang='grc' dir='ltr'><strong><em>πότνι’</em></strong></span> <span class='ocrx_word' id='word_1_263' title='bbox 633 3807 754 3892; x_wconf 81' lang='grc' dir='ltr'><strong><em>Ἐρινὺς</em></strong></span> <span class='ocrx_word' id='word_1_264' title='bbox 777 3812 859 3890; x_wconf 82' lang='grc' dir='ltr'><strong><em>παρά</em></strong></span> <span class='ocrx_word' id='word_1_265' title='bbox 883 3808 908 3872; x_wconf 83' lang='lat' dir='ltr'><strong>r’</strong></span> <span class='ocrx_word' id='word_1_266' title='bbox 935 3810 1099 3886; x_wconf 81' lang='grc' dir='ltr'><em>ἀθανάτοις</em></span> 
     </span>
     <span class='ocr_line' id='line_1_33' title="bbox 519 3922 1125 4006; baseline 0 -20"><span class='ocrx_word' id='word_1_267' title='bbox 519 3932 579 3999; x_wconf 86' lang='grc' dir='ltr'><strong><em>τοῖς</em></strong></span> <span class='ocrx_word' id='word_1_268' title='bbox 604 3925 664 3986; x_wconf 79' lang='grc' dir='ltr'><strong>ὑπὸ</strong></span> <span class='ocrx_word' id='word_1_269' title='bbox 687 3932 786 4006; x_wconf 78' lang='grc' dir='ltr'><strong><em>γαῖαν,</em></strong></span> <span class='ocrx_word' id='word_1_270' title='bbox 808 3927 877 4005; x_wconf 85' lang='grc' dir='ltr'><strong><em>περί</em></strong></span> <span class='ocrx_word' id='word_1_271' title='bbox 898 3922 924 3985; x_wconf 86' lang='grc' dir='ltr'><strong>τ’</strong></span> <span class='ocrx_word' id='word_1_272' title='bbox 952 3925 1125 4004; x_wconf 81' lang='grc' dir='ltr'><strong><em>ἀνθρώπων</em></strong></span> 
     </span>
    </p>
   </div>
   <div class='ocr_carea' id='block_1_3' title="bbox 520 4038 1044 4118">
    <p class='ocr_par' dir='ltr' id='par_1_7' title="bbox 520 4038 1044 4118">
     <span class='ocr_line' id='line_1_34' title="bbox 520 4038 1044 4118; baseline -0.004 -18"><span class='ocrx_word' id='word_1_273' title='bbox 520 4049 660 4118; x_wconf 81' lang='grc' dir='ltr'><strong><em>φανερῶν</em></strong></span> <span class='ocrx_word' id='word_1_274' title='bbox 683 4038 784 4112; x_wconf 81' lang='grc' dir='ltr'><em>τελέως</em></span> <span class='ocrx_word' id='word_1_275' title='bbox 808 4040 1044 4118; x_wconf 81' lang='grc' dir='ltr'><strong><em>διαπράσσουσιν</em></strong></span> 
     </span>
    </p>
   </div>
   <div class='ocr_carea' id='block_1_4' title="bbox 519 4145 1162 4234">
    <p class='ocr_par' dir='ltr' id='par_1_8' title="bbox 519 4145 1162 4234">
     <span class='ocr_line' id='line_1_35' title="bbox 519 4145 1162 4234; baseline 0 -21"><span class='ocrx_word' id='word_1_276' title='bbox 519 4159 579 4226; x_wconf 84' lang='grc' dir='ltr'><strong><em>τοῖς</em></strong></span> <span class='ocrx_word' id='word_1_277' title='bbox 603 4151 657 4232; x_wconf 79' lang='grc' dir='ltr'><strong>μὲν</strong></span> <span class='ocrx_word' id='word_1_278' title='bbox 681 4152 796 4231; x_wconf 81' lang='grc' dir='ltr'><strong>ἀοιδάς,</strong></span> <span class='ocrx_word' id='word_1_279' title='bbox 818 4159 879 4226; x_wconf 83' lang='grc' dir='ltr'><strong><em>τοῖς</em></strong></span> <span class='ocrx_word' id='word_1_280' title='bbox 904 4148 932 4212; x_wconf 79' lang='grc' dir='ltr'><strong>δ’</strong></span> <span class='ocrx_word' id='word_1_281' title='bbox 960 4145 998 4214; x_wconf 82' lang='grc' dir='ltr'><strong>αὖ</strong></span> <span class='ocrx_word' id='word_1_282' title='bbox 1023 4153 1162 4234; x_wconf 79' lang='grc' dir='ltr'><strong><em>δακρύων</em></strong></span> 
     </span>
    </p>
   </div>
   <div class='ocr_carea' id='block_1_5' title="bbox 520 4266 986 4349">
    <p class='ocr_par' dir='ltr' id='par_1_9' title="bbox 520 4266 986 4349">
     <span class='ocr_line' id='line_1_36' title="bbox 520 4266 986 4349; baseline 0 -21"><span class='ocrx_word' id='word_1_283' title='bbox 520 4269 588 4348; x_wconf 87' lang='grc' dir='ltr'><strong><em>βίον</em></strong></span> <span class='ocrx_word' id='word_1_284' title='bbox 611 4266 774 4349; x_wconf 80' lang='grc' dir='ltr'><strong><em>ἀμβλωπὸν</em></strong></span> <span class='ocrx_word' id='word_1_285' title='bbox 798 4267 986 4348; x_wconf 79' lang='grc' dir='ltr'><strong><em>παρέχουσαι.</em></strong></span> 
     </span>
    </p>
   </div>
   <div class='ocr_carea' id='block_1_6' title="bbox 253 4475 1529 4694">
    <p class='ocr_par' dir='ltr' id='par_1_10' title="bbox 253 4475 1529 4694">
     <span class='ocr_line' id='line_1_37' title="bbox 287 4475 1340 4538; baseline -0.004 -12"><span class='ocrx_word' id='word_1_286' title='bbox 287 4475 307 4538; x_wconf 84' lang='lat'><strong>¹)</strong></span> <span class='ocrx_word' id='word_1_287' title='bbox 326 4480 363 4526; x_wconf 82' lang='lat' dir='ltr'><strong>dl.</strong></span> <span class='ocrx_word' id='word_1_288' title='bbox 383 4477 466 4526; x_wconf 85' lang='lat' dir='ltr'><strong>Schol.</strong></span> <span class='ocrx_word' id='word_1_289' title='bbox 486 4479 575 4525; x_wconf 83' lang='lat' dir='ltr'><strong>Aesch.</strong></span> <span class='ocrx_word' id='word_1_290' title='bbox 593 4479 667 4525; x_wconf 91' lang='lat' dir='ltr'><strong>Eum.</strong></span> <span class='ocrx_word' id='word_1_291' title='bbox 686 4481 741 4525; x_wconf 78' lang='lat'>838.</span> <span class='ocrx_word' id='word_1_292' title='bbox 760 4477 855 4525; x_wconf 82' lang='lat' dir='ltr'><strong>Herod.</strong></span> <span class='ocrx_word' id='word_1_293' title='bbox 873 4477 908 4522; x_wconf 86' lang='lat' dir='ltr'><strong>IX</strong></span> <span class='ocrx_word' id='word_1_294' title='bbox 928 4478 983 4523; x_wconf 82' lang='grc'><strong>149.</strong></span> <span class='ocrx_word' id='word_1_295' title='bbox 1002 4477 1076 4523; x_wconf 86' lang='lat' dir='ltr'><strong>Hom.</strong></span> <span class='ocrx_word' id='word_1_296' title='bbox 1095 4476 1125 4522; x_wconf 92' lang='lat' dir='ltr'><strong>Il.</strong></span> <span class='ocrx_word' id='word_1_297' title='bbox 1145 4476 1181 4521; x_wconf 87' lang='lat' dir='ltr'><strong>IX</strong></span> <span class='ocrx_word' id='word_1_298' title='bbox 1199 4476 1340 4522; x_wconf 75' lang='lat' dir='ltr'><strong>tlt-496.</strong></span> 
     </span>
     <span class='ocr_line' id='line_1_38' title="bbox 287 4553 1529 4618; baseline -0.005 -14"><span class='ocrx_word' id='word_1_299' title='bbox 287 4556 366 4606; x_wconf 87' lang='lat' dir='ltr'><strong>Porro</strong></span> <span class='ocrx_word' id='word_1_300' title='bbox 384 4572 472 4605; x_wconf 88' lang='lat' dir='ltr'><strong>earum</strong></span> <span class='ocrx_word' id='word_1_301' title='bbox 489 4558 615 4618; x_wconf 88' lang='lat' dir='ltr'><strong>templum</strong></span> <span class='ocrx_word' id='word_1_302' title='bbox 633 4559 732 4616; x_wconf 85' lang='lat' dir='ltr'><strong>asylum</strong></span> <span class='ocrx_word' id='word_1_303' title='bbox 752 4559 806 4603; x_wconf 87' lang='lat' dir='ltr'><strong>erat</strong></span> <span class='ocrx_word' id='word_1_304' title='bbox 825 4556 905 4602; x_wconf 85' lang='lat' dir='ltr'><strong>servis</strong></span> <span class='ocrx_word' id='word_1_305' title='bbox 923 4555 1038 4613; x_wconf 82' lang='lat' dir='ltr'><strong>fugitivis</strong></span> <span class='ocrx_word' id='word_1_306' title='bbox 1052 4555 1160 4613; x_wconf 85' lang='lat' dir='ltr'><strong>aliisquo</strong></span> <span class='ocrx_word' id='word_1_307' title='bbox 1178 4555 1289 4610; x_wconf 84' lang='lat' dir='ltr'><strong>miseris,</strong></span> <span class='ocrx_word' id='word_1_308' title='bbox 1309 4555 1341 4600; x_wconf 82' lang='lat' dir='ltr'><strong>ci.</strong></span> <span class='ocrx_word' id='word_1_309' title='bbox 1355 4554 1439 4601; x_wconf 83' lang='lat' dir='ltr'><strong>Schol.</strong></span> <span class='ocrx_word' id='word_1_310' title='bbox 1453 4553 1529 4600; x_wconf 75' lang='lat' dir='ltr'><strong>Arist.</strong></span> 
     </span>
     <span class='ocr_line' id='line_1_39' title="bbox 253 4633 1341 4694; baseline -0.001 -12"><span class='ocrx_word' id='word_1_311' title='bbox 253 4637 300 4688; x_wconf 86' lang='lat' dir='ltr'><strong>Eu.</strong></span> <span class='ocrx_word' id='word_1_312' title='bbox 320 4639 392 4694; x_wconf 73' lang='lat'><strong>1312,</strong></span> <span class='ocrx_word' id='word_1_313' title='bbox 411 4638 495 4688; x_wconf 84' lang='lat' dir='ltr'><strong>Schol.</strong></span> <span class='ocrx_word' id='word_1_314' title='bbox 513 4637 589 4688; x_wconf 76' lang='lat' dir='ltr'><strong>Arist.</strong></span> <span class='ocrx_word' id='word_1_315' title='bbox 608 4637 711 4687; x_wconf 74' lang='lat' dir='ltr'><strong>Theona.</strong></span> <span class='ocrx_word' id='word_1_316' title='bbox 730 4637 787 4693; x_wconf 74' lang='grc'><strong>214,</strong></span> <span class='ocrx_word' id='word_1_317' title='bbox 806 4635 875 4683; x_wconf 75' lang='lat' dir='ltr'><strong>auid.</strong></span> <span class='ocrx_word' id='word_1_318' title='bbox 894 4637 920 4682; x_wconf 90' lang='lat' dir='ltr'><strong>in</strong></span> <span class='ocrx_word' id='word_1_319' title='bbox 939 4647 1001 4680; x_wconf 81' lang='lat' dir='ltr'><strong>vooo</strong></span> <span class='ocrx_word' id='word_1_320' title='bbox 1022 4637 1127 4694; x_wconf 75' lang='grc' dir='ltr'><strong>Θησεῖον,</strong></span> <span class='ocrx_word' id='word_1_321' title='bbox 1147 4634 1227 4682; x_wconf 82' lang='lat' dir='ltr'><strong>Thuo.</strong></span> <span class='ocrx_word' id='word_1_322' title='bbox 1245 4633 1265 4683; x_wconf 93' lang='lat' dir='ltr'><strong>I.</strong></span> <span class='ocrx_word' id='word_1_323' title='bbox 1286 4634 1341 4684; x_wconf 75' lang='grc'><strong>126.</strong></span> 
     </span>
    </p>
   </div>
   <div class='ocr_carea' id='block_1_7' title="bbox 0 0 1778 5068">
    <p class='ocr_par' dir='ltr' id='par_1_11' title="bbox 0 0 1778 5068">
     <span class='ocr_line' id='line_1_40' title="bbox 0 0 1778 5068; baseline 0 0"><span class='ocrx_word' id='word_1_324' title='bbox 0 0 1778 5068; x_wconf 95' lang='lat' dir='ltr'><strong> </strong></span> 
     </span>
    </p>
   </div>
  </div>
 </body>
</html>
