3536 5068
854 270 894 327 55

239 428 426 508 στριβιλικίγξ
460 430 589 503 prodest
624 434 800 506 propterea,
836 433 920 504 quod
955 434 1049 505 poeta
1083 431 1175 504 quasi
1207 431 1239 489 in
1271 429 1510 502 comparatione

239 542 336 602 verbo
371 543 483 618 utitur,
521 544 757 618 mortalemque
794 545 962 605 mulierem
995 545 1208 619 perniciosam
1242 543 1408 616 comparat
1439 521 1513 601 cum

239 656 347 715 saevis
371 671 412 715 ex
435 657 546 716 inieris
573 658 644 735 diis,
666 672 728 730 quo
753 659 882 733 clarius,
902 673 1005 741 quam
1022 659 1202 732 perniciosa
1221 658 1328 730 fuerit,
1349 657 1511 730 appareat.

240 768 325 829 Satis
358 771 432 843 apte
463 771 600 830 conferri
630 785 726 844 posse
750 773 831 830 mihi
856 773 983 831 videtur
1006 772 1083 830 iilud
1108 787 1149 831 ex
1172 771 1261 830 Novo
1285 770 1512 829 Testamento:

238 877 254 939 δ
287 877 319 939 δὲ
349 879 487 960 στραφεὶς
518 876 579 942 είπε
611 893 649 966 τῷ
683 881 801 968 Πὲτρτμῑ
825 881 938 964 Ὕπαγε
970 879 1064 943 όπίσω
1095 905 1153 961 μου
1184 886 1316 940 Σατανᾶ·
1345 881 1512 940 σκάνδαλόν

239 1018 297 1071 μου
332 989 364 1054 ελ.
396 997 505 1070 Neque
537 999 624 1058 enim
657 999 731 1073 quid
763 1000 868 1059 Furiis
900 1000 1116 1059 Athenienses
1148 1013 1251 1071 neque
1283 997 1358 1069 quid
1389 998 1512 1078 Σατανᾷ

238 1111 347 1170 ludaei
375 1112 424 1171 vei
449 1111 621 1174 Christiani
642 1115 858 1189 attribuerint,
884 1129 925 1174 ex
948 1115 1069 1174 talibus
1093 1113 1171 1173 iocis
1194 1111 1406 1186 cognoscitur.

283 1225 434 1298 Sequitur
457 1241 505 1286 vs.
531 1227 606 1302 981,
631 1228 684 1287 ubi
709 1227 788 1286 nihii
813 1228 889 1286 novi
909 1227 1082 1287 invenitur.

283 1337 371 1413 Quod
395 1340 523 1399 numeri
545 1339 679 1413 pluralis
700 1343 733 1400 et
752 1341 936 1416 singularis,
959 1356 1039 1414 quos
1059 1340 1241 1414 promiscue
1253 1338 1401 1412 usurpari
1414 1351 1512 1410 supra

237 1451 395 1526 contendi,
416 1467 450 1511 re
476 1468 552 1512 vera
572 1455 641 1512 sine
661 1454 725 1512 ulio
746 1454 931 1513 discrimine
952 1469 970 1512 a
988 1457 1084 1528 poeta
1096 1453 1297 1526 adhibentur,
1310 1466 1350 1511 ex
1364 1449 1511 1524 sequenti

237 1564 329 1623 nobis
356 1567 489 1639 apparet
518 1566 597 1643 ioco,
630 1568 693 1643 ubi,
724 1571 896 1641 postquam
922 1567 1101 1628 Cassandra
1125 1567 1281 1626 instinctu
1304 1564 1412 1624 divino
1427 1562 1510 1628 inci·

236 1683 307 1742 tata
329 1698 364 1741 se
384 1683 492 1756 piures
514 1685 621 1744 videre
642 1686 756 1744 Furias
776 1686 868 1761 dixit,
889 1687 1014 1761 cherua,
1035 1699 1212 1758 quamnam
1229 1682 1362 1741 Furiam
1380 1680 1509 1753 clamet,

238 1797 346 1855 vatem
371 1798 463 1868 rogat
485 1800 544 1867 (vs.
572 1798 684 1869 1104):
711 1800 976 1858 ΚΑΣΣΑΝΔΡΑ.

592 1907 611 1988 ἢ
635 1910 755 1971 δίκτυον
777 1910 897 1970 τιταίνει

593 2022 691 2102 δοίμαρ
715 2021 783 2084 κυσί
807 2025 949 2097 ξύνευνος
973 2020 991 2082 δι
1015 2022 1149 2096 ξυναιτία

584 2133 707 2210 “Αιδου;
731 2138 830 2210 στοίσις
854 2133 883 2197 δ’
911 2136 1048 2216 ἀκόρετος
1071 2134 1148 2218 γε’νει

590 2252 811 2324 κατολολυξάτω

592 2365 728 2442 θύματος
751 2367 900 2445 λευσίμου.

799 2482 946 2542 ΧΟΡΟΣ.

591 2593 681 2652 ποίαν
700 2588 824 2671 Ἐρινύν
846 2594 935 2671 τήνδε
959 2593 1092 2670 δώμασιν
1115 2591 1184 2676 κέλγ

592 2705 797 2785 ἕπορθιοίζεινς

277 2821 391 2882 Paullo
407 2824 481 2896 post
491 2823 579 2882 idern
592 2824 649 2884 sed
662 2825 826 2897 aliquanto
839 2825 957 2885 clarius
971 2823 1151 2884 Cassandra
1164 2822 1306 2882 declarat
1318 2825 1376 2891 (vs.
1394 2821 1504 2885 1185t:

454 2935 508 3012 τὴν
532 2934 587 3016 γὰρ
611 2934 716 3015 στέγην
739 2932 823 3014 τήνδ’
850 2932 947 2998 οὔποτ’
975 2935 1098 2996 ἐκλείπει
1122 2933 1207 3015 χορὸς

454 3051 652 3131 σύμφθογγος
676 3050 732 3111 ούκ
755 3050 900 3128 εύφωνος,
924 3051 961 3112 ού
984 3050 1039 3132 γδιρ
1063 3043 1096 3111 εύ
1120 3049 1205 3130 λε’γει.

453 3161 503 3221 καλ
527 3162 587 3240 μὴν
610 3164 754 3237 πεπωκώς
777 3160 799 3243 γ’
805 3209 814 3242 ,
836 3163 875 3237 ὡς
898 3166 1108 3244 θρασύνεσθαι
1132 3162 1231 3239 πλέον,

453 3274 587 3354 βρότειον
610 3269 683 3355 αἷμα
710 3286 808 3355 κῶμος
832 3275 864 3337 ἐν
889 3277 990 3356 δόμοις
1014 3276 1103 3355 μένει,

453 3389 642 3466 δύσπεμπτος
665 3389 730 3466 ἔξω,
753 3391 906 3471 συγγόνων
926 3387 1082 3470 Ἐρινύων.

273 3502 441 3562 Ambobus
472 3503 552 3563 iocis
582 3507 660 3565 deae
686 3508 763 3565 sunt
786 3507 980 3582 animantes
1005 3521 1087 3578 quae
1110 3520 1174 3564 non
1198 3519 1390 3579 superorum
1414 3503 1507 3561 iussu

229 3616 285 3675 sed
317 3617 495 3677 secundum
528 3634 623 3679 suam
657 3620 801 3694 ipsarum
833 3623 983 3679 naturam
1008 3620 1167 3679 ultionem
1191 3621 1306 3693 petunt
1331 3619 1364 3677 et
1387 3617 1505 3692 partim

228 3742 283 3801 pro
311 3729 478 3803 iphigenia
505 3733 624 3804 partim
653 3749 709 3806 pro
739 3734 880 3806 Thyeste
908 3748 1028 3807 poenas
1052 3734 1223 3792 sumentes
1242 3730 1355 3805 punire
1375 3729 1509 3788 student

229 3843 519 3914 Agamemnonem.
553 3845 706 3904 Facinore
734 3846 821 3906 enim
846 3847 1005 3906 adversus
1029 3845 1207 3920 Thyestem
1232 3842 1376 3904 admisso
1400 3842 1507 3899 totum

227 3969 328 4028 genus
363 3957 489 4029 regium
522 3957 798 4018 commaculatum
830 3961 890 4033 est,
923 3960 1021 4020 caede
1055 3974 1131 4019 vero
1163 3957 1249 4018 filiae
1281 3955 1405 4016 nefaria
1431 3954 1509 4026 Aga·

227 4083 381 4129 memnon
415 4070 485 4143 ipse
517 4069 631 4129 Furias
662 4072 811 4133 irritavit.
844 4075 959 4146 Itaque
990 4086 1055 4132 non
1086 4072 1200 4132 mirari
1232 4071 1398 4143 debemus
1423 4067 1509 4138 quod

227 4185 321 4244 modo
351 4184 431 4243 haec
462 4184 557 4244 modo
588 4185 645 4245 iila
677 4201 775 4245 causa
797 4187 967 4260 profertur.
993 4188 1095 4247 Recte
1118 4187 1152 4245 et
1178 4182 1354 4257 Aegisthus
1377 4179 1510 4253 iudicat,

225 4295 278 4369 qui
299 4295 339 4355 ob
351 4296 468 4356 iratres
480 4313 558 4358 suos
570 4298 610 4358 ab
622 4298 722 4358 Atreo
735 4300 923 4362 interiectos
940 4306 1001 4372 (vs.
1019 4301 1103 4361 1583
1115 4299 1250 4368 -ldott
1267 4291 1288 4368 ¹)
1303 4296 1335 4355 et
1350 4293 1509 4367 Clytaem-

224 4410 345 4487 nestra,
381 4426 463 4485 quae
499 4413 537 4473 ob
573 4413 773 4487 Iphigeniam
817 4415 858 4476 ab
898 4417 1148 4489 Agamemnone
1185 4411 1366 4472 mactatam
1403 4404 1510 4466 Furiis

257 4653 276 4722 ¹)
295 4655 409 4706 Eundem
427 4672 530 4706 causum
549 4659 751 4718 Clytaemnestra
768 4662 869 4720 profert
887 4674 922 4708 vs.
943 4661 1007 4708 1501
1027 4672 1085 4718 sqq.
