3536 5068
825 277 864 332 57

212 438 346 512 pluralis
373 434 481 514 „duci”
507 439 540 497 et
574 433 786 514 »τεθυμένων
818 438 857 497 ad
885 437 1099 498 dubitandum
1118 439 1281 512 provocat.
1303 435 1481 496 Consedere

164 623 170 636 ρ
211 551 358 624 equidem
392 551 529 610 libenter
561 550 632 610 volo
663 553 794 624 poetam
825 566 921 624 saepe
952 566 1126 610 numerum
1157 550 1326 624 pluralem,
1357 549 1412 608 ubi
1444 549 1483 607 de

211 680 275 724 uno
295 665 445 737 loquatur
465 664 605 740 homine,
627 679 753 739 ponere,
775 665 812 723 ut
831 664 937 736 magis
954 665 1137 724 communis
1151 664 1297 724 videatur
1310 663 1482 738 sententia,

212 779 269 836 sed
300 780 411 837 tamen
441 778 501 837 hoc
531 777 600 838 loco
632 779 739 852 potius
767 793 1027 850 —quamquam
1054 779 1188 838 minime
1211 780 1299 838 certa
1322 793 1375 837 res
1399 776 1481 836 vide·

213 895 265 951 tur
290 925 331 933 —
357 889 437 967 Ἀράς
459 892 544 951 idern
571 906 608 952 ac
628 884 748 967 Ἐρινῦς
771 891 912 951 indicare
935 893 1057 965 putem.
1086 891 1217 952 Orestes
1240 892 1319 951 haec
1343 890 1446 950 canit:

547 1002 639 1063 τόποι
663 1004 711 1080 δᾶ,
734 1001 877 1083 νερτέρων
900 1003 1084 1082 τυραννίδες,

547 1115 631 1193 ἴδετε,
653 1120 845 1194 πολυκρατεῖς
870 1114 949 1194 Ἀραὶ
972 1113 1154 1194 τεθυμένων,

547 1224 640 1289 ἴδεσθ’
666 1230 812 1306 Ἀτρειδᾶν
835 1227 870 1288 τδι
893 1225 968 1288 λοίπ’
993 1228 1151 1308 ἀμηχάνως

546 1341 648 1421 ἔχοντα
672 1341 722 1401 ναὶ
746 1342 889 1420 δωμάτων

547 1454 643 1534 άτιμα.

258 1571 386 1631 Vocem¹
413 1587 485 1632 vero
517 1571 600 1649 Ἀράς
628 1556 792 1632 nonnullis
815 1572 895 1632 locis
919 1572 1005 1632 idem
1031 1571 1138 1632 valere
1162 1587 1199 1632 ac
1219 1565 1338 1648 Ἐρινῦς
1362 1572 1485 1631 discere

214 1701 388 1759 possumus
411 1701 452 1745 ex
474 1685 568 1746 Eum.
593 1687 676 1746 420:
766 1719 769 1726 Δ

550 1797 636 1876 Ἀραὶ,
650 1794 680 1859 δ’
707 1798 739 1859 ἕν
762 1799 854 1870 οἴκοις
877 1807 931 1878 γῆς
954 1798 1029 1859 διταὶ
1051 1799 1229 1876 κεκλήμεθα,

214 1914 248 1972 et
272 1928 313 1971 ex
337 1913 423 1985 sept.
448 1913 530 1972 943:

972 2029 1089 2108 τελευτᾷ
1115 2019 1143 2084 δ’

639 2134 704 2199 αἵδ’
731 2138 917 2218 ἐπηλάλαξαν
953 2187 954 2190 ¹

638 2254 716 2334 Ἀραὶ
743 2255 794 2316 τὸν
818 2251 890 2328 ὀξὺν
915 2255 1018 2332 νόμον,

214 2369 247 2426 et
276 2369 439 2439 genitivus
467 2368 639 2446 τεθυμένων
672 2370 785 2430 eadem
817 2370 940 2430 ratione
965 2368 1118 2443 explicari
1142 2370 1259 2444 potest,
1283 2383 1347 2441 qua
1366 2362 1487 2445 Ἐρινὺς

213 2481 332 2556 ματρός,
364 2481 482 2558 μητρός,
512 2483 640 2558 carduo,
666 2481 793 2554 τέκνων;
817 2484 895 2543 haec
919 2484 1007 2542 enim
1031 2482 1215 2554 significant
1238 2483 1379 2559 Furiam,
1404 2496 1487 2554 quae

215 2609 270 2667 pro
290 2596 391 2669 patre,
412 2599 527 2672 matre,
549 2599 658 2658 liberis
678 2599 883 2673 interemptis
902 2612 1023 2671 poenas
1043 2599 1144 2656 sumit
1157 2613 1176 2656 a
1189 2598 1356 2670 parricida.
1371 2597 1486 2656 Huius·

216 2709 303 2766 modi
327 2710 424 2781 igitur
447 2712 591 2787 genitivi,
617 2713 680 2771 nisi
702 2712 805 2787 fallor,
830 2713 890 2771 hoc
917 2712 1011 2771 modo
1032 2710 1213 2784 explicandi
1232 2717 1318 2770 sunt.
1341 2711 1488 2770 Primum

215 2818 313 2898 ἐρινύς
345 2822 411 2882 fere
443 2823 528 2884 idem
561 2828 631 2884 erat
661 2841 699 2884 ao
730 2822 797 2901 ἀρά,
817 2825 1014 2897 exsecratio;
1039 2824 1238 2896 pedetentim
1262 2826 1373 2882 tamen
1398 2837 1487 2882 voca·

215 2934 325 2993 bulum
348 2936 445 2996 aliam
468 2938 535 2996 vim
555 2940 688 2998 nactum
710 2941 770 3013 est,
791 2939 838 2998 ita
860 2939 895 2997 ut
911 2954 975 2998 vox
998 2934 1116 3013 „torulo
1136 2935 1276 3012 νιοτρός,”
1298 2951 1380 3009 quae
1393 2939 1490 2996 antea

218 3050 338 3122 „patris
370 3052 647 3110 exsecrationem’
680 3051 906 3126 significasset,
941 3054 1053 3125 postea
1086 3052 1180 3110 deam
1212 3051 1379 3124 indicaret,
1407 3064 1490 3122 quae

214 3165 341 3235 patrem
372 3165 550 3224 secundum
582 3166 653 3225 eius
676 3167 935 3226 exsecrationem
960 3165 1147 3238 ulcisceret;
1176 3164 1263 3223 vocis
1289 3164 1338 3222 vis
1362 3165 1491 3222 mutata

214 3282 275 3351 est,
300 3280 495 3339 constructio
519 3283 631 3340 tamen
654 3282 832 3341 immutata
855 3282 1022 3342 remansit.

259 3392 347 3468 Quod
371 3407 433 3464 quo
458 3394 552 3454 modo
575 3393 644 3454 fieri
664 3395 815 3469 potuerit,
835 3395 940 3454 tribus
960 3395 1132 3466 generibus
1152 3392 1307 3467 locorum,
1328 3391 1492 3464 inquibus

216 3504 405 3565 vocabulum
427 3500 562 3584 Ἐρινύες
586 3508 734 3583 occurrit,
759 3509 845 3568 inter
868 3523 904 3568 se
928 3509 1126 3582 comparatis
1144 3505 1238 3566 facile
1259 3505 1468 3578 intellegitur.

259 3617 422 3682 Primum
445 3636 567 3700 genus.
591 3622 684 3695 Apud
709 3621 888 3683 Hesiodum
911 3622 1053 3696 legimus
1076 3622 1205 3692 (Theog.
1231 3617 1326 3696 472):

349 3731 428 3804 ὅπως
522 3733 662 3812 (Κρόνος)
676 3735 855 3796 τίσαιτο
882 3731 907 3795 δ’
937 3735 1036 3813 ἐρινῦς
1060 3731 1171 3811 πατρὸς
1196 3729 1255 3791 toro

215 3847 298 3919 apud
323 3848 501 3908 Homerum
527 3849 671 3910 Minerva
695 3851 852 3911 adversus
877 3850 1015 3909 Martem
1040 3847 1197 3920 gloriatur
1221 3847 1263 3915 (Φ
1286 3846 1379 3915 siai:

439 3960 515 4021 οὕτω
538 3983 589 4020 κεν
613 3971 666 4039 σῆς
691 3961 799 4039 μητρὸς
823 3962 943 4041 ἐρινύας
968 3960 1161 4034 ἐξαποτίνοις.

257 4074 303 4134 De
323 4076 384 4133 diis
404 4076 538 4135 rationis
559 4076 762 4149 compotibus
781 4079 896 4149 poetae
916 4077 1061 4136 nondum
1082 4073 1236 4147 cogitant,
1257 4073 1314 4132 sed
1328 4069 1494 4145 vocabulo,

213 4187 296 4260 quod
328 4189 436 4248 odium
471 4189 521 4248 vel
552 4188 812 4249 exsecrationem
844 4189 1016 4264 significat,
1049 4201 1170 4248 nomen
1202 4185 1283 4260 eius,
1307 4184 1362 4257 qui
1385 4183 1496 4244 odium

213 4303 357 4374 concepit
382 4303 432 4362 vel
456 4303 723 4376 imprecationem
747 4302 856 4377 edidit,
882 4303 915 4361 in
938 4302 1083 4375 genitivo
1108 4300 1300 4372 adiungunt.

258 4411 453 4480 Secundum
478 4431 600 4495 genus.
624 4415 718 4488 Apud
742 4415 940 4476 Pausaniam
965 4414 1107 4489 legimus
1128 4413 1183 4473 lib.
1205 4412 1252 4472 IX
1273 4427 1341 4486 cap.
1363 4409 1496 4478 5§15:

256 4535 313 4586 τῶν
357 4524 389 4586 δὲ
426 4523 576 4606 Ἐρινύων
618 4536 676 4587 τῶν
715 4528 815 4587 Λαΐου
859 4524 909 4586 καὶ
952 4527 1116 4600 Οἰδίποδος
1156 4528 1310 4608 Τισαμενῷ
1346 4520 1400 4600 μὶν
1440 4519 1498 4584 οὐκ

212 4636 324 4720 ἐγένετο
348 4639 472 4718 μήνιμα.
