3536 5068
551 1111 624 1193 hu
654 1109 778 1196 nnis
807 1107 1147 1195 SOPHOOLEIS.

259 1677 408 1738 Nondum
440 1693 557 1738 causas
589 1677 708 1752 protuli
732 1679 952 1751 vgravissimas
983 1694 1040 1738 cur
1070 1677 1268 1738 sententiam
1295 1674 1431 1736 Nauckii
1456 1678 1488 1735 et

215 1792 353 1852 aliorum
379 1793 520 1852 virorum
549 1794 716 1854 doctorum
741 1793 858 1852 falsam
883 1792 1037 1852 reiiciam.
1058 1791 1201 1867 Quarum
1221 1791 1306 1864 prior
1324 1790 1405 1850 haec
1428 1791 1488 1848 est.

215 1905 248 1965 Si
280 1907 375 1978 poete
405 1906 512 1965 virum
544 1922 719 1980 proponere
742 1907 834 1966 nobis
861 1906 1026 1980 voluisset,
1051 1905 1105 1977 qui
1130 1919 1248 1977 magna
1271 1904 1490 1977 perpetrasset

215 2017 386 2093 maleficia,
420 2021 477 2080 sod
511 2021 608 2080 rebus
642 2020 798 2095 adversis,
834 2018 941 2079 dolore
977 2021 1009 2078 et
1043 2017 1150 2092 exilio,
1186 2017 1227 2076 ad
1257 2015 1489 2090 paenitentiam

214 2132 375 2201 redactus,
407 2133 555 2193 animum
586 2136 760 2208 mutasset,
793 2135 825 2192 et
856 2132 996 2207 expiatis
1027 2130 1203 2190 sceleribus
1230 2130 1362 2189 deorum
1387 2129 1491 2201 gratia

214 2245 333 2318 dignus
362 2246 469 2306 factus
499 2248 597 2323 esset,
628 2247 760 2320 gravius
791 2246 824 2304 in
855 2260 993 2319 persona
1023 2244 1193 2317 Oedipodis
1224 2244 1309 2302 hunc
1329 2243 1369 2301 ad
1391 2241 1490 2301 finem

214 2359 363 2432 eligenda
393 2362 577 2436 erravisset,
610 2361 752 2435 gravius,
786 2361 847 2436 aio,
880 2375 978 2433 quam
1009 2361 1046 2418 ut
1078 2374 1151 2418 eum
1177 2373 1319 2418 errorem
1344 2357 1491 2431 Sophocli

213 2474 463 2546 imputaremus
506 2474 594 2548 Opus
639 2474 725 2532 anim
768 2474 884 2533 fuisset
928 2474 1006 2546 viro,
1049 2473 1104 2544 qui
1147 2472 1275 2543 magnis
1318 2470 1492 2529 virtutibus

215 2586 366 2657 vitiisque
402 2587 538 2660 insignis
570 2587 667 2661 esset,
700 2585 801 2645 enimi
834 2588 945 2646 autem
976 2587 1137 2660 pravitate
1169 2584 1220 2644 vel
1252 2585 1491 2658 perturbatione
1540 2599 1543 2605 ·

217 2699 267 2757 vel
302 2698 421 2771 gloriae
456 2700 631 2772 cupiditate
665 2700 715 2759 vel
746 2699 889 2772 quolibet
919 2699 982 2760 alio
1015 2700 1093 2759 vitio
1117 2699 1230 2772 culpae
1254 2698 1373 2769 aliquid
1398 2697 1430 2755 in
1456 2712 1491 2755 se

216 2813 414 2888 admisisset,
435 2814 492 2874 sed
512 2814 608 2872 iustis
629 2815 738 2887 poenis
759 2814 884 2889 solutis,
907 2814 1013 2874 dolore
1035 2817 1067 2872 et
1088 2813 1254 2872 maestitia
1274 2811 1382 2885 purior
1395 2814 1492 2883 atque

216 2926 380 2986 honestior
403 2927 509 2987 iactus
533 2932 630 2988 esset.
654 2926 775 2987 Verum
796 2929 835 2986 ab
857 2927 1015 3000 Oedipode
1035 2926 1114 2985 talia
1133 2941 1265 3000 prorsus
1286 2927 1363 2983 sunt
1375 2924 1490 2984 aliena.

209 3034 340 3117 ‘'lipupre
371 3038 480 3118 χρηστὰ
511 3039 645 3116 μώμενος
673 3045 769 3123 atque
801 3043 931 3100 omnino
964 3056 1041 3099 vera
1073 3041 1159 3113 sunt,
1191 3053 1273 3111 quae
1295 3039 1330 3096 in
1355 3037 1492 3096 Scholiis

218 3152 357 3226 legimus
388 3155 429 3214 ad
461 3170 508 3214 VS.
542 3155 623 3214 969:
654 3162 693 3236 τῷ
725 3151 779 3232 γὰρ
809 3150 871 3212 ὄντι
895 3149 910 3211 ὁ
936 3152 1080 3222 Οἰδίπους
1104 3151 1133 3210 εἴ
1151 3173 1193 3221 τις
1218 3148 1346 3227 ἀκριβῶς
1370 3147 1494 3220 ἐξετάζοι

219 3261 320 3338 ἄδικος
341 3264 395 3344 μέν
418 3266 474 3328 οὐκ
498 3265 575 3326 ἔστιν
599 3265 707 3344 ἀτυχὴς
732 3262 764 3325 δὲ
787 3263 837 3325 καὶ
860 3265 1031 3344 περιπαθὴς
1046 3260 1076 3335 ¹).

262 3380 356 3440 Nullo
387 3397 531 3454 unquam
566 3382 660 3440 verbo
684 3382 761 3441 dicit
785 3397 820 3441 se
844 3355 1021 3441 facinorum
1047 3395 1066 3439 a
1089 3395 1125 3438 se
1149 3379 1400 3438 commissorum
1423 3393 1492 3451 poe-

219 3495 336 3569 nitere;
373 3496 494 3554 nullius
526 3512 601 3556 eum
633 3497 679 3556 rei
709 3496 853 3570 poenitet
883 3496 946 3553 nisi
980 3494 1202 3553 vehementiae
1236 3494 1269 3552 et
1299 3492 1493 3565 iracundiae,

219 3609 281 3668 nisi
301 3609 468 3669 oculorum
488 3610 745 3685 obcaecatorum,
765 3625 869 3681 neque
889 3609 1048 3682 parricidii
1061 3623 1136 3666 eum
1149 3607 1334 3666 incestusve
1348 3605 1494 3664 damnari

219 3737 313 3795 posse
344 3724 440 3797 poeta
471 3724 559 3782 omni
590 3724 714 3784 ratione
745 3724 909 3784 contendit
937 3723 1106 3796 arguitque
1129 3723 1171 3797 et,
1200 3720 1284 3793 quod
1307 3719 1346 3778 ad
1370 3719 1493 3778 famam

221 3837 307 3896 vitae
341 3837 456 3910 prioris
490 3837 639 3913 pertinet,
671 3836 847 3898 identidem
881 3838 919 3898 de
954 3837 1113 3897 industria
1148 3850 1222 3896 eum
1259 3835 1393 3908 purgat;
1431 3831 1493 3889 vid.

219 3965 269 4009 vs
294 3951 369 4026 239,
395 3952 470 4025 266,
496 3952 570 4027 521,
592 3953 667 4026 525,
689 3952 764 4026 539,
786 3953 860 4027 547,
883 3951 958 4026 964,
980 3951 1044 4010 966
1066 3965 1146 4025 sqq,
1170 3950 1244 4022 977,
1266 3949 1341 4021 983,
1355 3946 1417 4006 987
1432 3947 1494 4004 etc.

264 4064 335 4124 Non
367 4065 445 4124 vitio
476 4066 578 4125 animi
608 4066 665 4125 sed
696 4064 788 4124 fatali
818 4064 1015 4125 necessitate
1046 4064 1173 4136 patrem
1205 4061 1331 4135 occidit,
1354 4060 1495 4118 matrem

220 4193 355 4238 uxorem
376 4179 485 4254 duxit;
506 4195 569 4240 non
589 4178 691 4239 animi
709 4179 907 4253 perversitas
924 4178 981 4238 sed
1000 4178 1134 4238 deorum
1145 4175 1298 4235 voluntas
1311 4189 1352 4233 ex
1364 4185 1496 4232 summa

255 4395 275 4464 ¹)
292 4399 365 4447 Idem
388 4399 503 4446 indicunt
526 4401 611 4460 Georg
635 4399 753 4448 Giinther
777 4399 949 4457 „Grundzbge
972 4398 1018 4446 der
1034 4397 1181 4456 tragischen
1199 4395 1299 4440 Kunst'’
1317 4391 1404 4439 Berlin
1424 4389 1497 4445 1885,

221 4493 278 4538 pag.
299 4481 354 4526 129.
372 4479 437 4526 Eine
453 4477 548 4527 Schuld
566 4482 605 4527 als
622 4479 725 4527 Mhi-der
742 4478 787 4524 dee
805 4478 896 4524 Vetere
912 4477 966 4523 und
983 4478 1078 4524 Gntten
1093 4476 1139 4522 der
1153 4475 1249 4520 Mulier
1263 4471 1385 4517 trifftden
1396 4468 1497 4515 Helden

221 4558 275 4604 6166
292 4559 359 4606 nach
376 4558 436 4606 dem
453 4559 545 4606 Willen
562 4560 608 4607 des
624 4559 745 4606 Dichters
762 4557 805 4603 ein
823 4558 865 4604 fiir
883 4558 986 4604 ellemal
1004 4556 1084 4612 nieht,
1102 4554 1169 4601 619.
1187 4551 1306 4600 Mileto
1325 4546 1497 4607 Ι,6666516516

221 4637 267 4684 (166
285 4635 425 4698 Drama's”,
441 4638 565 4698 Leipzich
583 4640 656 4697 1865,
673 4639 694 4695 Ι,
712 4650 769 4696 pag.
789 4638 931 4684 328-357.
