3536 5068
833 239 873 298 97

95 459 98 464 ,
219 397 300 470 6161;
333 399 389 458 sed
421 413 459 457 ea
490 401 566 460 sunt
596 415 707 475 pauca,
739 401 768 459 61
790 402 896 460 totum
921 400 1075 474 respicias
1099 401 1220 460 drama.
1246 399 1335 474 Quod
1358 398 1387 457 si
1410 413 1485 458 cum

217 510 371 584 Aeschyli
402 512 454 572 vel
485 513 645 586 Euripidis
676 513 819 586 qualibet
849 528 1016 587 compares
1047 512 1165 585 fabula,
1191 511 1402 586 Sophocleum
1426 513 1486 572 hoc

218 639 290 684 6666
321 627 355 684 et
378 627 461 699 quod
485 627 525 686 ad
549 628 714 701 opiniones
738 629 1032 701 argumentumque
1055 629 1088 687 61
1112 627 1196 700 quod
1220 627 1260 686 ad
1284 640 1397 685 versus
1419 640 1486 698 per·

217 738 330 814 tineat,
366 740 479 799 statim
515 743 656 814 apparet.
689 742 800 801 Inesse
832 742 991 814 quaedam
1022 757 1042 800 a
1076 740 1228 815 Sophocle
1259 739 1375 814 aliena,
1407 752 1486 812 opus

217 866 289 911 esse
319 867 383 911 non
415 852 455 912 ad
486 850 583 912 finem
615 853 806 926 perductum
838 855 1016 927 assentior;
1048 854 1105 914 sed
1136 856 1248 913 tamen
1274 852 1485 926 tragoediam,

218 980 300 1037 quae
333 965 426 1025 nobis
462 968 513 1025 est
547 966 676 1041 tradita,
712 968 825 1026 eadem
858 983 967 1042 manu,
999 982 1062 1039 qua
1095 981 1154 1025 661
1185 965 1336 1040 reliquas,
1368 963 1487 1023 litteris

216 1080 407 1140 mandatam
430 1095 503 1140 esse
527 1095 583 1154 pro
607 1082 694 1140 certo
717 1081 820 1141 credo.

159 1181 160 1184 '
262 1193 321 1268 Qui
353 1193 488 1269 dubitat,
519 1195 558 1268 is,
595 1209 725 1270 quaeso,
761 1194 948 1254 meminerit
981 1193 1248 1267 interpolatorum
1279 1190 1485 1262 antiquorum

216 1309 331 1381 artem,
367 1308 560 1382 recordetur,
582 1323 694 1396 ¹quarn
726 1308 821 1369 166116
850 1309 913 1382 ipsi
944 1323 980 1366 se
1010 1306 1146 1381 prodant
1177 1319 1291 1364 versus
1323 1304 1424 1378 spurii
1454 1305 1488 1363 61

214 1420 338 1495 1666111,
363 1435 461 1493 quam
485 1395 578 1493 longe
603 1436 622 1480 a
646 1436 722 1480 vero
746 1424 840 1495 po'e'ta
861 1420 1060 1482 versificator
1083 1420 1191 1479 distet.
1213 1418 1247 1478 Si
1266 1418 1353 1477 euim
1374 1432 1487 1477 revera

214 1548 370 1606 magnam
401 1533 529 1593 fabulae
560 1536 686 1607 partem
720 1535 804 1594 alius
834 1536 930 1608 poeta
961 1533 1155 1607 scripsisset,
1188 1546 1252 1592 non
1278 1531 1488 1604 interpolator

212 1661 277 1707 non
300 1647 436 1720 frigidus
458 1649 553 1720 poeta
576 1647 630 1707 ille
653 1647 770 1708 fuisset
794 1662 897 1721 neque
919 1649 1048 1707 tantam
1070 1646 1239 1706 vesaniam
1260 1644 1306 1703 illi
1326 1643 1487 1717 imputare

213 1774 394 1834 possemus,
426 1761 472 1836 ut,
501 1761 584 1834 quod
608 1761 655 1820 illi
678 1762 826 1821 tribuerit
851 1761 1012 1821 Schdllius
1037 1760 1219 1834 consilium,
1245 1759 1355 1819 mente
1379 1773 1486 1818 conce·

213 1873 305 1946 perit.
331 1873 393 1934 Sed
417 1889 490 1935 meo
512 1875 581 1934 iure
606 1889 718 1948 rogare
743 1875 823 1934 mihi
847 1875 968 1951 videor,
993 1875 1048 1934 ubi
1071 1875 1104 1935 in
1128 1873 1247 1934 litteris
1271 1872 1401 1932 Graecis
1421 1871 1487 1931 tale

213 1987 366 2060 quiddam
389 1987 514 2048 sactum
538 1989 768 2065 audiverimus,
794 1990 857 2064 ubi,
882 1991 1056 2063 postquam
1080 2004 1176 2063 opera
1196 1987 1314 2047 11116116
1334 1986 1487 2046 mandare

214 2103 327 2174 poetae
359 2104 606 2178 consueverunt,
638 2102 722 2162 alius
752 2105 847 2177 poeta
873 2103 1008 2163 alterius
1033 2103 1138 2162 artem
1161 2105 1230 2160 1616
1256 2100 1395 2174 perfecte
1418 2101 1486 2159 imi-

200 2215 303 2274 'tatus
326 2215 380 2290 sit,
404 2216 441 2274 ut
461 2214 495 2274 in
519 2216 663 2276 carmine
687 2217 726 2276 ab
750 2216 813 2276 alio
836 2216 967 2292 scripto,
992 2231 1011 2276 6
1031 2231 1067 2276 66
1086 2215 1199 2274 deinde
1218 2216 1403 2289 retractato,
1424 2228 1487 2274 non

213 2327 351 2402 vestigia
382 2329 573 2390 mutationis
605 2332 639 2391 et
670 2346 748 2391 snae
784 2331 886 2405 ipsius
921 2345 1040 2391 manus
1070 2329 1142 2390 luce
1178 2328 1297 2389 clarius
1330 2330 1487 2402 proderet.

211 2441 399 2503 Incredibile
430 2443 518 2503 istud
550 2445 631 2505 mihi
663 2445 791 2505 videtur
822 2447 855 2505 et
887 2444 1045 2519 Oedipum
1079 2443 1254 2504 Coloneum
1282 2442 1403 2502 nullius
1425 2442 1488 2502 nisi

212 2555 300 2615 senis
323 2558 437 2629 poetae
464 2557 610 2618 fabulam
632 2558 857 2633 imperfectam
879 2558 991 2618 habeo.

257 2669 375 2746 Quodsi
398 2672 584 2732 coniectura
606 2674 645 2733 de
668 2673 798 2734 fabulae
822 2673 944 2747 origine
968 2651 1050 2732 mih'i
1073 2674 1161 2732 esset
1189 2669 1402 2745 proponenda,
1427 2670 1487 2728 hoc

212 2783 277 2843 1616
310 2785 461 2845 dicerem.
487 2786 658 2860 Sophocles
682 2803 783 2848 66661
810 2802 930 2847 6616111
954 2785 1155 2859 tragoediam
1185 2798 1375 2857 componere
1399 2782 1487 2841 insti·

212 2897 293 2970 tuit;
318 2896 500 2974 Oedipodis,
524 2915 681 2973 personae
706 2901 768 2960 sibi
790 2903 913 2976 gratae,
939 2900 1043 2960 vitam
1061 2898 1274 2973 posteriorem
1298 2897 1486 2970 traditurus,

212 3013 453 3088 argumentum,
490 3014 574 3087 quod
608 3029 649 3073 61
685 3014 809 3089 mytho,
846 3014 901 3086 qui
933 3013 1059 3088 dicitur,
1092 3010 1261 3086 Oedipodis
1291 3024 1393 3069 unum
1425 3007 1487 3067 61111

212 3123 374 3197 reliquum
408 3125 529 3186 iecerat
555 3119 587 3201 ¹),
624 3128 834 3202 tractaturus,
870 3129 1038 3199 regionem
1072 3126 1219 3186 nativam
1255 3123 1512 3198 celebraturus„

211 3237 349 3298 16116666
374 3239 474 3299 etiam
498 3239 667 3314 Oedipodis
691 3240 797 3299 herois
818 3254 920 3313 nuper
942 3239 975 3298 in
997 3254 1104 3313 pugna
1125 3239 1264 3312 quadarn
1285 3236 1486 3296 Atheniensi·

211 3350 272 3410 bus
291 3353 441 3425 opitulati
460 3354 639 3428 potentiam
660 3353 883 3412 illustraturus
895 3355 975 3428 erat,
990 3353 1057 3427 sed,
1072 3367 1133 3425 quo
1146 3351 1242 3411 modo
1255 3349 1373 3410 6111116
1386 3364 1486 3408 11116111

212 3468 418 3538 componeret
449 3467 604 3542 fabulam,
637 3467 779 3527 nondum
808 3467 877 3540 ipse
901 3481 1012 3526 secum
1042 3466 1257 3526 constituerat
1280 3464 1332 3524 vel
1355 3464 1387 3523 16
1412 3463 1484 3522 scri·

210 3577 313 3638 hendo
345 3582 521 3654 occupatus
554 3581 727 3641 consilium
751 3580 886 3640 subinde
915 3580 1070 3639 mutavit.
1095 3579 1229 3653 Propter
1252 3578 1396 3637 aetatem
1419 3590 1485 3648 pro·

212 3693 340 3751 vectam
373 3708 438 3753 non
474 3696 545 3753 tam
579 3694 683 3770 166116,
721 3710 820 3768 quam
858 3696 955 3755 antea
991 3695 1141 3755 dramata
1178 3692 1408 3766 componebat:
1440 3691 1487 3748 116

210 3805 338 3877 magnis
372 3807 519 3879 partibus
550 3808 703 3881 1161166116
738 3811 843 3869 166116
880 3809 1032 3884 abreptus
1063 3823 1127 3868 666
1154 3807 1298 3866 1611111661
1324 3804 1381 3864 sed
1406 3802 1487 3876 frag·

209 3919 321 3978 menta
341 3918 480 3995 reliquit,
502 3935 584 3992 qnae
604 3937 705 3998 nepos
726 3937 845 3996 magua
865 3921 1047 3982 reverentia
1067 3921 1101 3980 in
1123 3935 1224 3980 uuum
1238 3916 1486 3990 consarcinavit,

209 4030 270 4091 1166
293 4033 438 4094 maxime
463 4049 590 4110 curans,
612 4039 768 4112 utquam
788 4036 1006 4111 paucissimos
1023 4050 1138 4095 versus
1159 4032 1282 4093 deleret
1303 4029 1486 4090 adderetve.

253 4145 298 4203 At
328 4145 408 4205 talia
440 4147 599 4221 suspicari
630 4152 761 4209 tantum
791 4149 877 4224 licet,
902 4148 961 4209 hoc
986 4163 1061 4208 vero
1086 4148 1167 4208 mihi
1191 4161 1263 4206 esse
1289 4144 1487 4204 demonstra-

209 4260 281 4317 tum
305 4273 415 4333 spero:

252 4371 285 4431 in
320 4372 438 4449 fabula,
474 4375 581 4447 qualis
617 4375 657 4436 ad
691 4392 751 4436 nos
780 4376 938 4451 pervenit,
973 4375 1130 4450 Oedipum
1164 4389 1229 4434 666
1260 4373 1297 4432 61
1321 4366 1490 4441 exemplar

241 4609 258 4673 ¹)
275 4616 358 4694 1161611
373 4617 501 4679 Oedipum
520 4620 625 4678 Regem,
642 4621 804 4680 Antigonam,
823 4621 954 4682 Epigonos
972 4619 1027 4666 sivo
1047 4617 1201 4678 Eriphylam
1219 4610 1373 4674 composuit.

1391 4695 1405 4739 7
