3536 5068
832 269 871 328 17

210 427 472 502 permittebatur;
498 428 631 489 Homeri
652 431 798 504 tempore
823 428 917 504 φόνος
941 426 1081 500 ἀκούσιος
1104 445 1206 504 aeque
1228 430 1422 505 puniebatur
1445 448 1483 493 ac

210 539 303 616 φόνος
338 539 472 612 ἑκούσιος
506 539 545 602 et'
566 523 712 633 ⁸eundern¹
743 543 869 604 morem
900 546 1013 617 postea
1044 543 1173 604 saeculo
1206 545 1317 617 quinto
1348 545 1482 619 Spartae

209 654 403 715 invenimus,
429 649 605 732 Patroclus,
631 657 685 730 qui
707 672 787 730 puer
810 657 954 718 amicum
978 657 1102 717 invitus
1125 667 1307 733 necaverat,
1331 659 1371 718 ad
1395 659 1482 718 Pelei

210 769 323 829 urbem
342 769 483 842 profugit
499 785 602 843 neque
615 773 728 844 postea
744 772 777 830 in
790 771 929 845 patriam
943 771 1078 830 revertit
1089 770 1190 839 (Iliad.
1204 769 1315 830 XXIII
1329 772 1370 830 83
1383 776 1480 845 sqq.);

210 883 243 942 et
273 881 451 957 Xenophon
478 884 591 955 (Anah.
616 884 660 944 IV
685 885 715 959 8,
742 885 795 955 25)
818 885 906 945 idem
930 885 1029 945 refert
1052 884 1091 944 de
1115 885 1277 959 Spartiata
1300 885 1481 961 Draconti0‚

209 989 243 1067 ὃς
272 993 381 1075 ἔφυγεν
412 994 453 1055 ἔτι
475 1001 545 1069 παῖς
569 994 611 1056 ὢν
635 996 768 1075 οἴκοθεν,
790 997 884 1057 παῖδα
907 994 988 1057 decbr
1013 995 1203 1057 κατακτανὼν
1227 996 1320 1080 ξυήλῃ
1343 997 1482 1070 πατάξας.

254 1111 294 1170 nt
323 1112 362 1171 de
392 1111 461 1185 ipso
493 1112 652 1186 Oedipode
680 1112 789 1172 fabula
812 1099 971 1185 quaedam
996 1112 1176 1184 antiquitus
1199 1111 1338 1171 obtinuit
1365 1112 1481 1182 (schol.

210 1225 250 1284 ad
284 1225 360 1285 Oed.
390 1224 454 1285 Ool.
480 1228 550 1295 Oli:
575 1226 743 1287 Thebanos
768 1226 938 1300 Oedipodis
962 1227 1105 1286 cinerem
1128 1222 1168 1296 ὡς
1192 1221 1276 1296 ὄντος
1299 1223 1426 1304 ἀσεβοῦς
1450 1229 1483 1287 in

210 1339 296 1398 terra
314 1339 420 1411 patria
438 1339 567 1412 sepeliri
587 1339 741 1414 vetuisse,
763 1339 836 1400 dein
856 1355 930 1399 curn
949 1338 1002 1399 Oei
1016 1339 1059 1409 (in
1072 1339 1185 1414 oppido
1198 1337 1319 1416 ignoto)
1334 1341 1483 1414 sepultus

210 1423 306 1528 esset,
330 1452 427 1512 huius
451 1454 554 1529 oppidi
575 1454 697 1514 incolas
718 1455 803 1527 regis
823 1454 929 1514 exulis
952 1453 1106 1526 reliquias
1131 1453 1192 1513 Oeo
1213 1454 1395 1513 calamitati
1415 1454 1482 1515 iore

209 1567 307 1643 ratoS,
338 1567 532 1641 propinquos
563 1568 733 1642 Oedipodis
763 1584 838 1628 ossa
869 1569 1007 1629 effodere
1039 1570 1071 1629 et
1095 1569 1157 1628 alio
1182 1567 1304 1628 deferre
1325 1567 1482 1647 jussisse;

209 1692 229 1736 a
256 1679 371 1751 quibus
395 1696 469 1740 curn
493 1681 625 1742 fortuito
649 1683 682 1741 in
707 1682 831 1742 Oereris
854 1682 975 1756 templo
999 1682 1136 1742 humata
1159 1683 1279 1757 essent,
1304 1681 1482 1741 secundum

209 1791 367 1866 Apollinis
390 1795 558 1854 oraculum
582 1795 624 1854 ibi
649 1795 811 1855 mansisse
834 1798 868 1855 et
891 1795 1034 1868 quietern
1058 1795 1232 1855 invenisse.
1257 1794 1357 1854 Valde
1381 1795 1481 1855 consi·

210 1906 298 1966 milis
321 1908 377 1967 illa
399 1908 488 1969 fama
513 1910 639 1970 videtur
662 1911 701 1986 ei,
726 1925 824 1983 quarn
848 1910 1021 1984 sophocles
1044 1911 1176 1970 secutus
1197 1914 1257 1969 est.
1279 1908 1375 1969 Oeres
1395 1909 1482 1968 enim

209 2035 284 2079 curn
316 2007 421 2081 Furiis
445 2025 582 2096 cognata
606 2025 665 2098 est,
693 2057 732 2066 -
758 2025 791 2083 et
814 2024 870 2082 illa
893 2026 925 2082 et
949 2024 1009 2083 hae
1033 2023 1111 2082 deae
1135 2021 1256 2082 inierae
1280 2023 1357 2080 sunt
1382 2054 1421 2063 —
1446 2021 1484 2080 ut

209 2148 285 2193 cum
315 2135 443 2195 aliunde
474 2137 545 2196 tum
574 2153 616 2197 ex
640 2138 801 2197 Pausania
824 2138 910 2207 (VIII
935 2138 987 2213 25,
1013 2138 1043 2207 4)
1068 2138 1191 2197 discere
1215 2151 1401 2211 possumus,
1428 2135 1484 2208 qui

211 2245 358 2308 Cererem
383 2249 565 2323 Thelpusae
588 2250 622 2309 in
644 2251 783 2311 Arcadia
802 2245 925 2329 Ἐρινὺν
949 2251 1103 2324 appellari
1127 2251 1226 2310 tradit
1249 2264 1348 2309 causa
1371 2263 1482 2322 cogno·

209 2360 306 2419 minis
338 2361 446 2421 addita
462 2355 494 2439 ¹).
527 2365 564 2422 In
597 2365 733 2436 utraque
765 2366 932 2439 praeterea
955 2364 1064 2424 fabula
1088 2363 1257 2436 Oedipodis
1282 2377 1396 2436 corpus
1420 2361 1482 2421 diis

207 2473 318 2533 inferis
350 2490 479 2536 sacrum
511 2492 592 2552 esse,
624 2477 657 2536 in
685 2479 773 2538 terra
796 2479 929 2552 prolana
952 2478 1117 2552 sepultum
1141 2477 1255 2536 incolis
1278 2475 1482 2537 incommodo

207 2586 282 2664 fore,
319 2589 503 2663 sepulcrum
539 2592 610 2652 ideo
645 2593 675 2652 ei
710 2594 749 2653 ab
786 2593 952 2668 oppidanis
983 2592 1093 2666 negari
1125 2591 1317 2672 accipimus:
1351 2605 1482 2650 sacrum

208 2714 323 2774 corpus
346 2703 379 2760 in
399 2718 491 2763 sacro
510 2704 578 2764 solo
598 2705 800 2765 humandum
821 2707 881 2766 est.
903 2705 962 2764 His
983 2706 1114 2764 tantum
1134 2704 1168 2762 in
1188 2704 1285 2763 rebus
1305 2704 1387 2764 duae
1406 2703 1482 2762 illae

208 2815 410 2876 narrationes
439 2817 523 2877 inter
547 2818 768 2895 sedifferunt,
792 2821 875 2893 quod
899 2819 1013 2893 Apollo
1041 2819 1074 2877 in
1098 2818 1201 2878 altera
1224 2819 1300 2877 ante
1322 2818 1355 2877 in
1380 2817 1483 2877 eltera

206 2929 444 3000 postmortem
467 2929 637 3005 Oedipodis
659 2933 827 2993 oraculum
852 2932 990 2994 edidisse
1015 2931 1117 2992 fertur
1140 2932 1173 2991 et
1196 2930 1280 3004 quod
1303 2930 1482 2990 secundum

207 3040 346 3101 alteram
376 3042 409 3101 in
441 3043 574 3104 Boeotia
604 3046 783 3105 secundum
814 3045 952 3106 alteram
986 3046 1020 3106 in
1050 3045 1161 3106 Attica
1191 3045 1298 3106 herois
1328 3043 1482 3116 reliquiae

206 3155 386 3226 quiescunt.
411 3155 473 3216 Sed
496 3158 571 3216 utut
593 3173 632 3218 ea
655 3173 709 3219 res
733 3173 768 3220 se
792 3161 899 3235 habet,
924 3161 1024 3220 etiarn
1048 3159 1226 3219 secundum
1247 3158 1338 3217 illam
1358 3157 1481 3217 famam

206 3267 389 3327 Thebarum
421 3270 454 3328 et
486 3268 540 3329 Oei
563 3270 686 3332 incolae
711 3288 752 3332 ex
776 3272 946 3346 Oedipodis
970 3273 1098 3333 ossibus
1121 3272 1300 3346 periculum
1323 3271 1481 3331 metuisse

207 3382 388 3442 traduntur.

249 3495 361 3556 Nonne
385 3495 497 3557 eodem
522 3500 616 3558 modo
644 3499 725 3573 apud
748 3499 939 3573 Sophoclem
960 3501 1048 3560 cives
1069 3516 1110 3559 ex
1130 3498 1300 3573 Oedipodis
1320 3497 1480 3558 cineribus

207 3609 329 3682 patriae
352 3609 460 3670 labem
484 3613 629 3673 metuere
654 3611 843 3686 linguntur?
866 3614 979 3674 Nonne
999 3614 1135 3673 eandem
1155 3613 1194 3672 ob
1215 3627 1349 3671 causam
1368 3625 1479 3682 regern

207 3735 338 3782 caecum
359 3739 377 3782 e
396 3723 502 3796 patria
521 3725 739 3798 expulerunt?
760 3760 799 3769 -
821 3727 932 3787 Nonne
952 3727 1069 3787 idcirco
1090 3726 1156 3785 iam
1170 3727 1276 3800 antea,
1289 3739 1362 3784 cum
1376 3724 1479 3796 pestis

206 3833 331 3896 Thebas
367 3837 511 3912 vexaret,
543 3838 658 3913 Apollo
689 3838 856 3898 oraculum
888 3839 1012 3899 edidit?
1042 3838 1125 3897 Tum
1156 3837 1330 3896 obscurum
1354 3836 1478 3896 civibus

205 3963 276 4009 esse
297 3965 361 4010 non
381 3949 485 4023 potuit
505 3951 708 4027 parricidam,
730 3952 758 4011 si
779 3952 812 4011 in
832 3953 938 4026 patria
953 3953 1146 4027 versaretur,
1161 3952 1341 4011 multarum
1354 3950 1478 4009 civibus

203 4060 270 4122 iore
295 4063 522 4124 calamitatum
546 4067 730 4138 auctorem;
757 4066 930 4125 manifeste
955 4065 1069 4140 Apollo
1092 4065 1276 4139 imperavit,
1301 4079 1341 4124 ne
1366 4062 1478 4140 μίασμα

202 4174 298 4255 χώρας
329 4177 452 4238 diutins
483 4178 600 4239 Thebis
631 4179 789 4253 maneret,
822 4179 1055 4251 Thebanosque
1086 4178 1195 4237 docuit
1225 4179 1354 4253 propter
1384 4177 1478 4237 illurn

204 4288 312 4350 virum
331 4290 403 4351 urbi
422 4292 533 4352 omnia
551 4292 639 4352 111313
659 4290 819 4352 accidere:
845 4287 904 4368 „cip
923 4285 986 4351 τόδ’
1009 4281 1082 4367 οἶμοι
1102 4288 1239 4367 χειμάζον
1257 4288 1374 4349 odire?
1390 4290 1477 4351 Num

207 4500 448 4510 —————

236 4644 254 4708 ¹)
271 4650 304 4695 31.
322 4651 351 4696 Κ.
368 4651 395 4696 0.
414 4651 620 4710 111111311131311.
638 4651 721 4706 Eum.¹
742 4650 787 4696 leo
807 4663 862 4709 sqq.
878 4650 907 4696 11.
927 4649 954 4696 T.
970 4650 1107 4704 Hermann,
1122 4648 1225 4705 Qnueet.
1241 4649 1337 4710 oedip,
1353 4652 1382 4698 'll
1402 4663 1457 4709 sqq.

1382 4738 1395 4782 2
