3536 5068
912 291 954 356 68

293 472 388 535 posse
422 457 503 520 mihi
537 459 664 520 videtur
690 459 887 519 adiectivum
911 455 1069 529 δεινότοος
1093 458 1207 519 eadem
1231 457 1355 517 ratione
1381 454 1562 516 adhibitum

295 574 331 635 0.
355 575 393 636 R.
418 576 481 635 417
493 592 500 635 :

516 686 569 746 καί
590 680 615 745 σ’
638 683 791 763 ἀμφιπλὴξ
814 683 923 764 μητρός
946 682 1047 744 τεκαὶ
1071 693 1124 744 τοῦ
1148 693 1203 744 σοῦ
1232 683 1341 764 πατρὸς

517 797 567 883 ἐλᾷ
589 794 649 858 ποτ’
677 796 708 859 ἐκ
730 806 785 879 γῆς
807 799 895 876 τῆσδε
919 797 1076 871 δεινότιονς
1099 796 1167 878 ἀρά,

293 915 348 976 uhi
370 910 447 993 ἀράν
469 915 727 975 exsecrationem
746 913 928 987 significare
948 913 1071 974 nemini
1090 913 1224 974 dubium
1249 911 1419 972 videbitur.
1445 911 1486 971 llt
1511 909 1564 970 hic

293 1029 379 1090 idem
410 1028 579 1103 hahemus,
613 1028 697 1100 quod
732 1042 829 1102 supra
863 1027 946 1088 dixi:
982 1027 1107 1088 scilicet
1137 1026 1305 1100 antiquam
1338 1041 1452 1087 vocem
1481 1039 1564 1085 novo

293 1142 437 1203 adhiberi
466 1156 574 1202 sensu.
606 1141 788 1215 Aeschylus
813 1140 897 1220 Ὰράο
922 1141 973 1202 vel
994 1135 1133 1219 Ἐρινύν,
1156 1141 1208 1202 cui
1232 1140 1334 1200 vitam
1360 1141 1394 1200 et
1416 1139 1564 1200 animum

289 1255 415 1331 tribuit,
452 1252 612 1314 δεινόιιοον
647 1255 698 1315 vel
732 1253 856 1332 ποδώκη
891 1254 1061 1330 aptissime
1096 1269 1211 1315 vocare
1242 1256 1366 1327 potest:
1392 1252 1564 1328 Sophocles

293 1383 390 1442 quarn
426 1368 611 1429 huiusmodi
641 1369 792 1443 epithetis
819 1369 888 1428 vim
910 1368 1069 1444 tribuerit,
1094 1382 1268 1442 agnoscere
1292 1368 1475 1442 nequimus,
1499 1366 1564 1426 nlsi

293 1497 369 1543 eum
392 1482 583 1556 saepissime
606 1482 738 1542 nomina
762 1482 795 1542 et
817 1483 916 1543 verba
941 1482 1117 1543 immutare
1141 1483 1362 1542 recordamur.

336 1595 446 1669 Neque
476 1595 547 1670 ipsa
577 1595 704 1656 Electra
734 1595 829 1655 deam
853 1597 973 1669 cogitat
997 1596 1139 1671 Furiam,
1164 1610 1239 1655 curn
1265 1597 1416 1670 matrem,
1440 1592 1563 1666 quomi-

291 1725 353 1770 nus
387 1725 462 1770 cum
496 1709 653 1782 Aegistho
688 1711 888 1786 consuescat,
920 1710 1117 1771 conscientia
1146 1724 1210 1770 non
1238 1708 1386 1784 impediri
1410 1707 1461 1768 his
1484 1707 1562 1767 dicit

293 1823 400 1883 verbis
427 1823 483 1894 (El.
513 1824 605 1895 275);

603 1932 622 2014 ἢ
646 1931 672 1996 d’
701 1927 758 1997 dds
780 1935 898 2014 τλήμων
922 1935 994 1997 ὥστε
1016 1947 1055 2021 τῷ
1080 1936 1214 2016 μιάστορι

603 2045 727 2128 ξύνεστ’,
761 2048 862 2130 ἐρινὺν
885 2045 975 2110 οὔτιν’
1001 2046 1220 2130 ἐκφοβουμένη,

292 2164 346 2224 uhi
368 2178 544 2238 pronomen
568 2157 658 2223 οὔτιν’
684 2165 723 2225 de
746 2165 806 2225 dea
829 2164 898 2225 fieri
923 2166 1123 2226 mentionem
1147 2164 1275 2225 credere
1300 2163 1401 2223 vetat.

336 2277 374 2336 In
397 2277 507 2338 fabula
529 2278 692 2351 Antigona
715 2280 831 2338 chorus
856 2279 944 2339 canit
967 2279 1054 2350 (Ant,
1080 2279 1174 2343 doli:

648 2385 707 2450 κατ’
734 2381 773 2450 αὖ
797 2412 846 2450 νιν
869 2390 973 2467 φοινία
996 2396 1078 2451 θεῶν
1101 2399 1160 2450 τῶν

647 2501 790 2584 νερτέρων
813 2501 875 2588 ἀμᾷ
898 2501 985 2576 corrig

646 2615 736 2696 λόγον
759 2611 779 2677 τ’
806 2613 894 2678 ἄνοια
916 2613 967 2676 καὶ
990 2624 1109 2696 φρενῶν
1133 2613 1241 2695 ἐρινύς,

292 2729 330 2790 de
365 2745 428 2803 quo
461 2729 530 2791 loco
563 2744 627 2791 non
659 2730 773 2792 multis
806 2747 887 2806 opus
917 2732 968 2791 est
998 2730 1123 2804 verbis;
1151 2737 1288 2808 „opsono
1312 2726 1431 2806 ἐρινύς”
1460 2728 1562 2790 animi

292 2844 417 2903 statum
441 2859 482 2904 ex
504 2844 576 2919 ipsa
597 2846 715 2905 natura
738 2847 856 2921 ortum,
880 2860 943 2905 uon
972 2845 1099 2905 aliunde
1128 2843 1265 2904 allatum
1288 2842 1429 2904 indicare
1456 2856 1561 2914 neque

291 2971 350 3028 ego
391 2957 516 3031 primus
558 2959 714 3019 contendo
756 2973 860 3032 neque
909 2973 973 3031 qua
1011 2958 1134 3018 ratione
1170 2957 1281 3029 negari
1319 2956 1423 3031 possit
1458 2954 1562 3015 video.

291 3070 536 3131 Trachiniarum
562 3086 608 3132 vs.
633 3072 696 3133 893
720 3074 754 3132 et
779 3073 863 3133 1050
887 3073 939 3132 hlc
963 3070 1238 3132 commemorandi
1267 3070 1388 3145 essent,
1412 3069 1476 3129 nisi
1507 3081 1563 3128 eos

291 3181 378 3244 locos
412 3199 510 3259 supra
543 3184 610 3244 iam
644 3186 874 3246 tractavissem
890 3177 921 3256 ¹).
963 3184 1055 3245 Nunc
1096 3183 1323 3245 tantummodo
1357 3182 1494 3243 observo
1530 3181 1564 3240 et

291 3295 357 3358 illic
381 3293 482 3375 ἐρινύν
505 3299 543 3358 ut
565 3313 684 3358 nomen
708 3297 940 3373 appellativum
965 3297 1118 3358 adhiberi.

336 3410 424 3470 Duos
441 3413 607 3485 praeterea
625 3411 713 3472 locos
730 3427 805 3473 cum
818 3411 968 3488 attulero,
982 3412 1020 3471 de
1033 3410 1194 3486 omnihus,
1208 3410 1263 3469 ubi
1275 3410 1359 3484 apud
1372 3409 1563 3486 Sophoclem

292 3523 462 3584 Furiarum
496 3523 533 3584 fit
567 3525 700 3601 mentio,
737 3525 799 3585 erit
833 3524 974 3600 dictum;
1009 3523 1131 3585 similia
1161 3525 1273 3584 autem
1300 3525 1340 3585 de
1361 3524 1413 3584 his
1436 3538 1563 3598 quoque

292 3637 370 3698 sunt
392 3636 534 3699 dicenda.

336 3749 383 3811 ΕΙ.
410 3749 496 3811 1080
518 3750 645 3813 Electra
668 3754 808 3814 mortem
831 3753 923 3827 parvi
947 3753 1054 3814 facere
1077 3753 1195 3814 dicitur

737 3865 867 3944 διδύμαν
891 3860 985 3927 ἑλοῦο)
1012 3864 1123 3946 ἐρινύν,

291 3978 511 4040 dummodo
546 3979 691 4040 ambos
724 3979 927 4043 inimicos
962 3982 1175 4057 opprimat
1210 3980 1330 4052 (dubito
1358 3979 1432 4040 idne
1457 3979 1563 4041 verbis

291 4091 423 4154 Graecis
457 4092 668 4170 exprimatur,
704 4094 761 4154 sed
795 4095 871 4168 quid
906 4093 993 4155 aliud
1029 4093 1213 4168 significent
1246 4109 1310 4154 non
1340 4094 1434 4154 video
1459 4108 1564 4168 neque

291 4206 394 4268 habeo
420 4205 672 4278 correctionem).

334 4318 382 4380 Ill.
420 4319 505 4382 1386
546 4323 719 4395 postquam
762 4322 895 4383 domum
938 4322 1062 4397 regiam
1098 4322 1230 4383 Orestes
1265 4322 1410 4400 intravit,
1447 4323 1564 4384 chorus

291 4433 396 4496 canit:

325 4673 343 4736 ¹)
359 4689 418 4737 pag.
437 4679 468 4725 62
487 4682 514 4727 et
531 4681 572 4727 63.
