3536 5068
875 261 916 318 52

263 425 382 486 cabiles
427 426 460 485 et
504 423 629 484 malum
675 437 695 482 a
739 421 834 481 domo
880 421 982 480 sacris
1027 422 1131 481 averti
1172 437 1267 495 posse
1310 421 1533 481 crederemus:

529 533 602 595 ἀλλὰ
626 517 663 595 σὺ
688 532 728 612 μή
747 528 918 612 ’ποτρόνοω
942 531 1033 605 κακὸς
1060 532 1096 594 οὕ
1120 534 1223 611 κεκλή-

531 665 584 726 σει,
605 648 673 728 βίον
697 640 729 708 εὖ
752 646 892 726 κυρήσας·
916 645 1086 727 μελαναιγὶς
1110 645 1166 707 oda

531 755 586 821 εἶσι
610 761 720 839 δόμους
739 755 870 839 Ἐρινὺς,
892 758 963 819 όταν
988 757 1019 820 ἐκ
1042 769 1134 839 χερῶν

529 873 598 934 θεολ
620 873 733 934 θυσίαν
758 871 906 951 δέχωνται.

307 990 352 1048 At
382 989 410 1048 si
441 990 647 1050 recordamur
677 1003 714 1048 eo
745 987 814 1048 loco
845 988 989 1063 chorum,
1018 988 1534 1065 111111ο111111111111,111(1111

263 1102 397 1175 ideoque
429 1101 673 1162 benevolentius
703 1116 802 1173 quam
834 1102 942 1160 verius
973 1101 1070 1176 loqui,
1099 1102 1212 1162 statim
1237 1102 1370 1162 dubium
1394 1103 1480 1162 cedit
1502 1105 1536 1163 11

262 1215 381 1290 locum,
405 1216 443 1275 de
467 1230 529 1288 quo
553 1215 691 1289 agimus,
712 1229 775 1273 non
795 1229 869 1273 cum
890 1215 1007 1274 ceteris
1025 1230 1168 1288 pugnare
1187 1215 1344 1276 videmus.
1366 1215 1425 1292 Qui
1444 1217 1536 1277 locus

263 1329 386 1390 nullam
411 1330 444 1388 in
463 1331 589 1403 partem
610 1328 712 1401 ipsius
731 1329 844 1401 poetae
865 1329 1062 1388 sententiam
1083 1329 1191 1388 tradat
1209 1345 1342 1390 necesse
1362 1332 1413 1390 111
1432 1345 1536 1404 neque

264 1442 340 1503 alibi
363 1443 536 1518 placabiles
559 1442 709 1501 dicuntur
732 1441 835 1501 Dirae.

308 1557 497 1617 Postremus
520 1556 610 1616 locus
634 1557 685 1614 est
707 1555 760 1614 hic
786 1558 844 1625 (vs.
870 1555 965 1624 866l:

618 1662 697 1745 ήμᾶς
720 1663 752 1726 δὲ
775 1667 843 1745 διίιή
867 1667 1009 1746 πρότερον
1033 1669 1136 1747 φήμής

618 1780 670 1842 τὸν
694 1781 876 1843 δυσκέλαδόν
899 1778 928 1842 θ’
955 1783 1054 1862 ὕμνον
1073 1777 1221 1863 Ἐρινύος,

627 1895 728 1974 ἰαχεῖν,
750 1896 830 1978 Ἀΐδᾳ
853 1889 872 1954 τ’

619 2007 728 2088 έγθρὸν
751 2003 849 2068 παιᾶν’
877 2005 1053 2086 ἐπιμέλπειν.

309 2128 460 2201 Hymnus
482 2125 596 2184 Furiae
619 2139 683 2184 non
704 2139 835 2184 carmen
856 2125 916 2199 est,
937 2139 1000 2198 quo
1019 2124 1114 2183 Dirae
1133 2122 1345 2200 celebrentur,
1365 2124 1422 2184 sed
1442 2123 1536 2198 quale

264 2242 304 2302 ab
334 2240 400 2301 illis
429 2239 509 2313 ipsis
539 2237 610 2298 cani
642 2237 755 2322 soleat.
787 2236 911 2312 Furiae,
943 2252 1018 2296 cum
1050 2237 1083 2295 in
1106 2236 1274 2297 hominem
1297 2237 1358 2297 sibi
1381 2238 1536 2298 devotum

264 2359 372 2430 ruunt,
396 2354 550 2414 canentes
573 2351 738 2424 finguntur
761 2351 870 2410 odium
891 2366 996 2410 suurnv
1009 2352 1041 2410 et
1060 2350 1289 2411 imminentem
1308 2352 1445 2425 praedae
1458 2363 1537 2412 suae

263 2468 449 2543 perniciem,
469 2467 524 2540 qui
548 2465 682 2526 canendi
706 2480 778 2524 mos
802 2480 876 2524 cum
901 2466 1036 2525 dearum
1059 2469 1176 2526 natura
1196 2467 1243 2526 ita
1263 2468 1315 2526 est
1334 2465 1535 2542 coniunctus,

264 2583 302 2640 ut
331 2583 426 2655 poeta
458 2579 615 2641 vocabula
643 2578 737 2656 ὕμνος
769 2581 802 2638 11
828 2573 949 2654 Ἐρινύς
980 2579 1129 2653 deinceps
1157 2591 1312 2653 usurpare
1335 2595 1400 2640 non
1423 2580 1535 2656 possit,

253 2695 341 2767 ¹quin
377 2695 513 2768 quisque
547 2695 661 2753 statim
692 2694 731 2753 de
763 2692 881 2752 celebri
910 2690 966 2752 illo
996 2693 1115 2766 cogitet
1145 2693 1280 2754 deorum
1311 2693 1463 2753 carmine.
1487 2692 1535 2752 Ex

266 2807 465 2868 cassandrae
488 2823 543 2869 ore
566 2808 718 2867 audimus
741 2808 867 2879 (Agam.
895 2806 978 2866 1185
1004 2809 1103 2880 sqql:

486 2918 541 2996 τήν
563 2918 618 2998 γὰρ
643 2916 747 2999 στέγην
769 2912 852 2994 τήνδ’
880 2913 979 2978 οὔποτ’
1006 2916 1130 2978 ἐκλείπει
1153 2917 1239 2999 χορὸς

488 3034 686 3113 σόμφθογγος
709 3032 765 3092 οὐκ
789 3028 925 3108 εὕφωνος
938 3077 1007 3091 .....
1032 3031 1187 3112 συγγόνων
1206 3027 1363 3113 Ἐρινύων.

468 3145 616 3224 ’ὑμνοῦσι
639 3141 666 3204 δ’
693 3145 790 3223 ὕμνον
814 3144 930 3223 δώμασι
953 3146 1147 3226 προσήμεναι.

265 3261 355 3334 ipsae
378 3259 492 3320 Furiae
516 3260 557 3320 ad
581 3259 729 3320 Orestem
754 3260 856 3329 (llum.
882 3262 975 3331 3061;

488 3372 584 3450 ὕμνον
610 3367 637 3431 δ’
665 3369 780 3455 ἀκούσῃ
804 3371 890 3432 τόνδε
912 3371 1032 3450 δέσμιον
1056 3372 1152 3434 σέθεν.

266 3488 572 3560 mmfflmm:

667 3597 714 3660 ἐπὶ
738 3594 770 3659 δὲ
792 3610 831 3683 τῷ
854 3597 1008 3686 τεθυμένῳ

667 3713 733 3774 τόδε
757 3712 842 3792 μέλος
865 3713 1036 3794 παρακοπά,

598 3863 600 3868 -
665 3825 829 3908 παραφορὰ
852 3826 1049 3906 φρενοδαλής,

666 3940 760 4019 ὕμνος
783 3939 812 4014 ἐξ
830 3936 979 4021 Ἐρινύων
1001 3938 1057 4001 κτὲ.

311 4055 359 4114 lix
382 4055 498 4128 quibus
522 4055 602 4116 locis
625 4057 692 4116 iam
715 4058 807 4134 11111,
831 4058 895 4118 1111
918 4057 1022 4134 fallor,
1047 4058 1137 4130 patet
1160 4057 1303 4131 chorum,
1327 4056 1382 4129 qui
1402 4049 1540 4133 Ἐρινύος

266 4172 383 4247 θρήνου
414 4166 549 4253 ὑμνῳδεῖ
576 4171 702 4243 (Agam.
736 4172 810 4241 981)
842 4169 1009 4248 1111ὕμνον
1034 4169 1112 4248 ἰαχεῖ
1130 4170 1227 4243 (sept.
1252 4171 1337 4245 861),
1361 4170 1539 4231 instantem

266 4282 352 4354 regis
383 4284 523 4342 mortem
555 4285 740 4358 praesagire
772 4284 833 4360 vel,
866 4284 895 4344 si
922 4285 989 4344 11111
1009 4284 1134 4356 obierit,
1158 4283 1250 4344 fatali
1273 4283 1426 4361 carmine,
1451 4299 1541 4344 more

266 4411 325 4456 suo
349 4395 530 4456 ululantem
554 4398 716 4459 nunciare.
738 4396 860 4458 Cantus
880 4401 991 4458 autem
1012 4398 1168 4470 originem
1191 4412 1231 4457 ex
1250 4397 1383 4474 tonitru,
1403 4398 1540 4471 tempes-

266 4509 346 4569 tatis
366 4510 494 4586 comite,
516 4510 739 4585 explicandam
760 4526 834 4572 esse
853 4510 989 4572 libenter
1010 4512 1088 4571 viris
1107 4510 1211 4571 doctis
1231 4511 1407 4585 assentior;
1428 4511 1542 4571 Furias

266 4624 353 4684 enim
378 4624 558 4688 antinuitus
582 4625 659 4685 deas
682 4626 784 4685 luisse
807 4625 942 4685 nubium
965 4625 1104 4685 fulmina
1126 4624 1348 4685 emittentium
1374 4624 1467 4684 valde
1492 4624 1543 4684 est
