3536 5068
825 571 867 632 X.

194 838 197 842 ,
254 757 417 832 Aristoph.
445 759 534 820 Aves
559 761 587 821 1.
637 751 641 759 ’

254 871 323 934 Duo
343 871 560 934 Athenienses
578 872 612 932 in
632 888 765 934 scenam
785 872 953 948 prodeunt,
971 886 1051 946 quos
1070 870 1152 930 nulli
1171 867 1258 929 servi
1274 867 1480 930 comitantur.

818 1160 875 1220 XI.

255 1346 418 1421 Aristoph.
443 1347 531 1407 Aves
555 1349 637 1408 435:

255 1457 292 1519 σὺ
323 1457 374 1518 καὶ
397 1457 434 1519 σὺ
459 1461 499 1520 ad
522 1461 745 1521 Pithetaerum
770 1462 803 1521 et
825 1459 1014 1534 Euelpidem
1038 1458 1165 1533 dicitur,
1189 1470 1254 1515 non
1277 1454 1318 1514 ad
1340 1452 1482 1513 famulos

211 1574 248 1632 ut
270 1572 482 1649 scholiastae,
506 1575 607 1650 Kock,
631 1574 772 1648 Blaydes
795 1574 1004 1634 arbitrantur.

809 1863 881 1923 XII.

255 2049 396 2110 Ibidem:
509 2043 512 2048 ’

255 2162 377 2223 Versus
400 2166 463 2224 437
489 2161 719 2243 ἀπροσδοκήτως
742 2167 880 2227 additur.

801 2477 890 2536 XIII.

256 2684 420 2758 Aristoph.
443 2684 532 2745 Aves
555 2685 620 2744 448
644 2699 733 2758 squ:

256 2796 379 2857 Versus
402 2796 586 2859 Pithetaero
610 2798 772 2859 tribuendi
795 2800 882 2860 sunt.

806 3109 891 3170 XIV.

254 3295 418 3371 Aristoph.
443 3296 531 3357 Aves
556 3298 620 3357 656
644 3311 711 3370 sq.:

521 3409 599 3470 odra
622 3405 676 3488 μὲν
699 3410 843 3487 εἰσίωμεν.
867 3406 919 3490 dyc
943 3406 983 3487 δὴ
1006 3405 1125 3474 Ξανθία

520 3521 571 3583 καὶ
595 3523 776 3601 Μανόδωρε,
798 3523 961 3602 λαμβάνετε
983 3520 1019 3582 τὰ
1042 3519 1205 3601 στρώματα.

254 3632 330 3693 οὕτω
354 3631 408 3711 μὲν
432 3635 567 3713 εἰσίωμεν
591 3638 689 3697 verba
712 3637 889 3698 PIthetaeri
913 3638 1007 3713 sunt;
1031 3637 1116 3710 quod
1140 3635 1287 3708 sequitur
1310 3633 1350 3693 ab
1369 3632 1484 3706 upupa

209 3747 334 3808 dicitur.

810 3988 880 4050 XV.

251 4171 415 4246 Aristoph.
439 4172 529 4232 Aves
557 4172 652 4233 1631.

474 4276 572 4362 οὗτος,
596 4285 681 4345 δοκεῖ
700 4286 775 4366 δρᾶν
799 4295 891 4346 ταῦτα
916 4295 970 4346 τοῦ
994 4286 1147 4366 σκήπτρου
1169 4283 1245 4365 πέρι.

250 4399 388 4459 Versum
420 4389 503 4475 libri,
536 4400 651 4476 Bergk,
684 4400 830 4463 Meineke
862 4401 996 4463 Herculi
1028 4403 1187 4476 tribuunt,
1217 4402 1367 4474 Neptuno
1392 4399 1489 4459 centi-

206 4518 306 4572 nuant
329 4514 429 4587 Kock,
455 4514 597 4588 Dindorf,
623 4513 724 4590 Hold;
751 4515 893 4591 Blaydes
917 4516 1055 4577 dubitat.

250 4625 382 4687 Herculi
406 4641 523 4688 versus
547 4627 739 4690 tribuendus
762 4632 823 4692 est.
