3536 5068
904 151 944 210 16

330 307 404 371 κατὰ
436 310 522 371 τόνδε
548 310 600 371 τὸν
630 311 726 391 νόμον
755 312 882 392 κρίνατε,
915 311 947 385 ὅς
971 311 1049 372 ἐστιν
1072 311 1121 374 ἐπὶ
1142 317 1203 385 τοῖς
1225 313 1387 392 ἱεροσύλοις
1410 309 1461 371 καὶ
1483 331 1555 391 προ-

286 422 394 502 δόταις,
428 421 480 484 edu
513 447 556 497 τις
590 421 609 504 ἢ
639 423 693 502 τὴν
723 425 810 487 πόλιν
840 427 972 510 προδιδῷ
1004 424 1024 506 ἢ
1054 424 1089 486 τδι
1121 425 1185 507 ίερδι
1215 423 1332 510 κλέπτῃ,
1357 422 1498 504 κριθέντα
1522 421 1563 484 ἕν’

286 537 472 624 δικαστηρίῳ,
503 535 540 598 ἀν
563 544 774 623 καταγνωσθῇ,
796 537 844 618 μὴ
868 548 1045 618 ταφῇναι
1069 538 1108 600 ἐν
1131 550 1174 625 τῇ
1199 515 1352 624 Ἀττικῇ,
1373 537 1409 599 τὰ
1432 535 1464 599 δὲ
1486 537 1555 618 χρή-

285 673 361 728 ματα
384 651 478 712 αύτοῦ
502 647 615 730 δημόσι’
644 646 727 713 είναι.

330 766 398 842 Qua
432 767 544 827 eadem
575 767 646 841 lege
675 767 851 841 instigante
883 769 1007 829 cineres
1038 769 1222 843 Phrynichi,
1256 783 1352 841 quem
1382 782 1466 827 anno
1489 767 1552 828 411

283 881 393 953 partes
422 880 592 954 populares
622 881 818 954 perfringere
852 886 884 941 et
914 882 1109 943 labefactare
1142 883 1294 942 conatum
1322 881 1556 942 interemerant

285 993 506 1066 Thrasybulus
536 995 569 1054 et
592 994 814 1070 Apollodorus
838 995 933 1056 effodi
957 998 1053 1068 atque
1078 1011 1119 1054 ex
1143 995 1252 1054 Attica
1275 994 1436 1055 removeri
1458 995 1553 1054 Athe·

284 1107 413 1167 nieuses
444 1122 527 1167 anno
558 1108 622 1166 409
654 1108 828 1168 iusserunt.
862 1108 919 1168 Oui
951 1109 1019 1168 viro
1048 1109 1123 1181 quid
1147 1108 1299 1168 acciderit
1322 1108 1460 1180 quidque
1482 1110 1556 1182 post

284 1222 423 1281 mortem
454 1221 669 1281 constitutum
701 1223 754 1297 sit,
787 1221 926 1294 legimus
957 1221 989 1282 O.
1023 1224 1047 1282 l.
1077 1223 1114 1282 A.
1139 1223 1164 1296 I,
1189 1224 1230 1282 59
1255 1222 1464 1290 (zbrtteno.
1491 1224 1554 1297 43),

283 1335 358 1408 Lys.
381 1334 451 1410 Vll,
475 1335 493 1404 d
517 1337 546 1410 4,
571 1335 660 1410 XIII,
684 1336 701 1404 ἓ
728 1337 867 1410 70-73,
892 1336 990 1396 Thuc.
1014 1336 1101 1409 Vlll,
1128 1337 1179 1411 92,
1204 1332 1223 1409 ἕ
1250 1336 1280 1409 2,
1302 1335 1386 1396 Plut.
1409 1335 1478 1394 Alc.
1501 1335 1553 1410 25,

284 1448 388 1508 Schol.
414 1449 512 1508 Arist.
537 1449 673 1523 Lysistr.
698 1451 772 1525 313,
798 1453 830 1509 et
854 1450 988 1523 Lycurg.
1015 1451 1032 1519 ἓ
1055 1449 1132 1525 Ι112,
1157 1465 1246 1523 sqq:

327 1559 378 1621 καὶ
407 1562 567 1638 ψηφίζεται
590 1558 606 1620 ό
629 1561 723 1639 δῆμος
748 1561 871 1641 Κριτίου
895 1561 1029 1634 τίκτοντος
1053 1561 1105 1622 τὸν
1129 1559 1182 1640 μὲν
1207 1560 1313 1642 νεκρὸν
1345 1561 1456 1641 κρίνειν
1480 1581 1553 1640 προ-

284 1676 396 1752 δοσίας,
429 1671 486 1734 κάν
521 1673 592 1756 δόξη
627 1674 774 1755 προδότης
809 1672 851 1735 ἀν
886 1673 918 1735 ἐν
951 1685 987 1760 τῇ
1021 1676 1100 1759 χώρα
1132 1676 1297 1761 τεθάφθαι,
1327 1674 1370 1734 τά
1400 1696 1436 1734 τε
1460 1670 1555 1734 όστᾶ

285 1788 407 1849 αύτοῦ
438 1786 634 1869 ἀνορύξαι
666 1786 731 1848 καὶ
749 1787 934 1869 Ιἐξορίσαι
958 1788 1029 1862 ἕξω
1052 1797 1119 1868 τῇς
1144 1793 1325 1868 Ἀττικῆς,
1349 1787 1428 1861 ὅπως
1452 1785 1490 1847 ἀν
1514 1785 1554 1865 μὴ

283 1900 384 1980 κέηται
414 1900 446 1962 ἐν
477 1909 511 1979 τῇ
542 1901 622 1985 χώρα
653 1899 728 1979 μηδὲ
759 1901 794 1962 τὰ
817 1899 887 1963 όστᾶ
911 1912 963 1963 τοῦ
985 1902 1039 1980 τὴν
1063 1903 1160 1982 χώραν
1191 1901 1241 1962 καί
1264 1902 1318 1980 την
1341 1902 1428 1965 πόλιν
1451 1903 1555 1983 προδι-

285 2016 397 2088 δόντος,

328 2132 437 2205 Neque
461 2132 537 2192 alibi
561 2133 598 2191 de
623 2147 661 2192 ea
684 2131 755 2204 lege
778 2133 927 2191 auctores
949 2133 1075 2208 tacent;
1101 2133 1303 2206 Thucydides
1322 2131 1410 2191 enim
1431 2131 1464 2189 in
1486 2131 1553 2191 Lib.

283 2246 319 2319 Ι,
333 2261 400 2319 cap.
425 2246 497 2322 138,
521 2246 539 2315 d
563 2249 592 2321 6,
617 2244 709 2304 nobis
737 2245 836 2304 tradit
855 2244 1108 2305 Themistoclem
1129 2247 1322 2320 propinquos
1342 2248 1496 2323 oravisse,
1518 2250 1554 2308 ut

284 2374 359 2418 ossa
390 2375 450 2418 sua
482 2360 514 2418 in
544 2359 684 2432 patriam
710 2359 899 2418 reducerent
922 2358 1017 2432 idque
1041 2359 1126 2418 clam
1150 2360 1413 2434 Atheniensibus
1437 2358 1473 2419 od
1498 2358 1553 2438 γὰρ

284 2470 353 2549 ἐξῆν
371 2472 498 2531 θάπτειν
519 2468 558 2543 ὡς
578 2469 625 2530 ἐπὶ
644 2470 789 2553 προδοσίᾳ
809 2471 980 2550 φεύγοντος.
1003 2471 1111 2532 Etiam
1131 2473 1169 2532 de
1190 2473 1259 2546 ipso
1279 2474 1447 2547 parricidio
1472 2475 1555 2533 hanc

282 2602 420 2661 poenam
443 2586 590 2660 proponit
614 2585 705 2646 Plato
729 2585 761 2645 in
785 2582 865 2645 libro
888 2586 1011 2658 Legum
1034 2586 1091 2662 IX,
1117 2601 1185 2660 cap.
1212 2587 1230 2645 2
1255 2589 1337 2660 (pag.
1362 2588 1425 2646 854
1452 2589 1507 2657 El:

328 2698 448 2777 πολίτης
471 2695 503 2759 δὲ
527 2695 565 2758 ἀν
588 2721 630 2770 τις
654 2696 724 2758 ποτέ
747 2720 773 2757 τι
797 2706 932 2758 τοιοῦτον
956 2698 1035 2779 δρῶν
1053 2696 1206 2782 ἀναφανῇ,
1224 2696 1291 2777 περὶ
1309 2698 1402 2770 θεοὺς
1423 2695 1442 2778 ἢ
1465 2697 1555 2778 περὶ

284 2811 428 2893 γονέας
459 2809 479 2891 ἢ
509 2809 575 2891 περὶ
605 2811 693 2872 πόλιν
717 2809 867 2890 ἠδικηκὼς
891 2820 949 2872 τῶν
972 2811 1106 2890 μεγάλων
1128 2810 1195 2870 τινὰ
1217 2809 1267 2870 καί
1291 2809 1467 2892 ἀπορρήτων
1491 2810 1555 2872 ἀδι-

283 2936 366 3005 κιῶν,
396 2923 435 2998 ὡς
466 2923 588 2987 ἀνίατον
618 2924 676 3004 ἤδη
709 2934 814 2986 τοῦτον
847 2923 918 2986 όντα
951 2922 967 2985 δ
991 2923 1130 3003 δικαστὴς
1154 2925 1345 3003 διανοείσθω,
1368 2925 1554 3004 λογιζόμενος

283 3040 347 3112 οἵοις
379 3040 515 3112 παιδείας
545 3061 575 3099 τε
605 3037 655 3099 καί
686 3047 799 3119 τροφῇς
823 3036 854 3098 ἐκ
875 3037 982 3111 παιδὸς
1004 3038 1158 3118 τογχάνων
1181 3038 1237 3099 οόκ
1262 3035 1400 3117 ἀπέσχετο
1424 3049 1482 3100 τῶν
1506 3062 1554 3118 με·

285 3154 392 3233 γίστων
426 3162 535 3214 κακῶν·
569 3153 636 3232 δίκη
672 3152 710 3230 δῇ
746 3153 839 3238 τούτῳ
874 3151 1007 3224 θάνατος
1044 3150 1192 3231 ἐλάχιστον
1216 3162 1274 3214 τῶν
1297 3163 1407 3232 κακῶν,
1428 3154 1498 3227 τοὺς
1522 3151 1554 3214 δὲ

284 3266 390 3340 ἀλλους
408 3267 594 3348 παράδειγμα
614 3264 715 3347 ὀνήσει
733 3267 890 3348 γενόμενος
911 3265 1017 3344 ἀκλεὴς
1033 3265 1084 3326 καί
1103 3263 1200 3348 ὑπὲρ
1223 3267 1315 3339 τοὺς
1337 3276 1406 3346 τῇς
1428 3267 1554 3348 χώρας

285 3381 404 3458 ὅρους
428 3379 687 3459 ἀφανισθείς.

328 3496 448 3556 Eorum
471 3512 606 3573 quoque,
631 3497 685 3570 qui
710 3495 839 3569 Cylonis
863 3497 1079 3556 assectatores
1106 3495 1228 3556 nefarie
1252 3496 1412 3571 impieque
1436 3496 1553 3556 occide·

284 3612 367 3686 rant,
399 3611 523 3671 cineres
554 3614 673 3670 terram
708 3610 830 3684 patriae
858 3610 1000 3683 polluere
1023 3610 1237 3684 putabantur3
1262 3610 1346 3682 quod
1368 3610 1461 3669 nobis
1483 3608 1553 3667 Plu-

283 3725 416 3784 tarchus
447 3725 481 3783 in
515 3726 581 3784 vita
613 3724 738 3784 Solonis
769 3723 877 3782 tradit.
911 3722 1023 3782 Clarus
1055 3723 1109 3782 ille
1135 3723 1310 3798 legislator,
1339 3724 1377 3782 ut
1400 3723 1554 3782 iudicium

284 3839 322 3898 de
366 3837 495 3912 Oylonis
538 3839 699 3898 sociorum
741 3836 837 3896 caede
878 3836 1059 3911 haberetur,
1103 3839 1215 3896 auctor
1249 3837 1327 3911 iuit;
1364 3837 1447 3908 quod
1479 3851 1554 3895 cum

284 3953 449 4012 decretum
482 3954 579 4026 esset,
611 3951 757 4010 damnati
788 3951 875 4025 sunt,
908 3949 962 4022 qul
992 3965 1011 4009 a
1043 3950 1183 4023 Megacle
1215 3951 1347 4011 stabant
1370 3943 1555 4023 civiumque

284 4066 441 4139 sanguine
464 4066 619 4125 maculati
643 4066 751 4137 erant;
776 4063 830 4136 qui
851 4063 916 4122 vivi
937 4066 1136 4139 supererant,
1157 4064 1345 4124 inexilium
1365 4063 1459 4123 missi
1479 4063 1556 4122 sunt

284 4187 342 4237 τῶν
385 4173 410 4237 δ’
448 4176 666 4238 ἀποθανόντων
708 4176 799 4248 τοὺς
833 4175 1001 4254 νεκροὺς
1035 4173 1304 4256 ἀνορύξαντες
1339 4172 1556 4256 ἐξέρριψαν

284 4287 381 4372 ὑπὲρ
404 4291 495 4364 τοὺς
519 4290 644 4370 όροος.

328 4406 439 4479 Neque
469 4407 520 4482 iis,
555 4407 609 4479 qui
640 4407 734 4466 inviti
764 4405 929 4466 hominem
953 4405 1207 4481 interemissent,
1231 4421 1359 4482 semper
1383 4408 1416 4467 et
1438 4405 1556 4477 ubique

285 4522 410 4579 certum
435 4522 508 4595 post
530 4521 738 4581 intervallum
762 4520 812 4579 vel
831 4520 936 4579 multa
956 4520 1096 4591 quadam
1117 4520 1224 4580 soluta
1235 4521 1358 4581 reditus
1370 4520 1401 4579 in
1415 4518 1555 4593 patriam
