3536 5068
803 277 844 336 63

188 446 244 506 sed
268 444 445 517 Aegisthus
465 441 635 501 inimicum
659 440 728 498 iure
753 440 786 498 et
810 437 927 497 morito
950 437 1115 511 necatum,
1143 434 1299 497 Hercules
1319 434 1462 509 sibiipsi

187 558 309 618 nefario
340 560 373 616 et
403 555 502 628 impio
533 553 701 613 Deianirae
736 551 809 612 dolo
842 552 982 610 mortem
1014 550 1140 610 illatam
1158 565 1246 611 resse
1277 550 1462 611 arbitratur.

190 672 271 748 Quid
303 671 431 730 multa?
464 702 504 711 -
531 661 680 745 Ἐρινύων
712 663 936 744 ἀμφίβληστρον
967 681 1031 724 non
1061 667 1130 725 rete
1161 666 1220 740 est,
1246 666 1330 738 quod
1354 665 1464 725 divina

189 786 315 846 iustitia
347 783 396 843 vel
428 782 507 841 deae
531 782 675 841 divinam
698 780 859 840 iustitiam
883 782 1034 839 curantes
1058 781 1244 854 texuerunt,
1268 779 1324 839 sed
1347 779 1463 838 instru-

190 902 338 958 mentum
362 896 541 970 impietatis
564 895 794 954 calamitosum
819 896 852 954 et
875 893 1045 954 nefarium.

235 1011 438 1071 Manifestius
461 1009 572 1082 etiam,
597 1008 625 1068 si
648 1007 719 1068 fieri
741 1010 858 1082 potest,
883 1007 946 1067 alio
967 1007 1113 1067 eiusdem
1133 1007 1262 1067 fabulae
1282 1006 1351 1068 loco
1371 1022 1463 1081 appa·

190 1126 241 1184 ret
262 1140 326 1184 non
349 1123 468 1196 ubique
492 1122 575 1196 apud
601 1122 790 1196 Sophoclem
812 1119 913 1199 ἐρινύν
938 1136 1010 1181 esse
1034 1122 1139 1196 deam,
1159 1135 1223 1180 non
1243 1136 1372 1195 semper
1391 1136 1464 1180 esse

190 1254 308 1298 nornen
332 1237 496 1312 proprium
520 1235 576 1295 sed
595 1236 758 1294 interdum
780 1234 1023 1309 appellativum.
1043 1234 1161 1293 Nutrix
1180 1234 1275 1294 domo
1296 1234 1464 1307 egrediens

191 1351 375 1412 Deianiram
397 1352 470 1412 doni
491 1352 541 1411 sui
562 1352 594 1411 vi
615 1351 742 1411 letifera
762 1353 937 1426 comperta,
960 1365 1077 1410 manus
1097 1350 1158 1410 sibi
1179 1349 1328 1410 intulisse
1349 1349 1464 1424 refert;

191 1480 254 1539 quo
288 1466 374 1525 tristi
409 1466 519 1525 audito
550 1466 663 1524 nuntio
694 1465 821 1540 chorus,
854 1465 957 1524 Iolam
982 1479 1091 1528 ¹unam
1123 1463 1269 1524 omnium
1303 1463 1466 1523 malorum

193 1595 326 1641 oausam
351 1580 520 1640 exstitisse
543 1581 644 1654 ratuS,
669 1578 833 1639 exclamat
857 1582 916 1648 (vs.
941 1579 1033 1647 893l:

640 1690 745 1769 ἔτεκεν,
768 1690 862 1751 ἔτεκεν
886 1691 1015 1771 μεγάλαν

640 1802 659 1864 ἆ
682 1803 799 1883 νέορτος
825 1805 877 1865 ἅδε
900 1805 1004 1882 νύμφα

640 1918 743 1995 δόμοις
766 1914 858 1979 τοῖσδ’
885 1917 995 1998 ἐρινύν.

237 2034 339 2093 Deam
370 2049 474 2108 neque
509 2033 639 2109 „nasci”
671 2047 775 2105 neque
810 2034 1004 2108 ,magnam”
1029 2036 1146 2094 chorus
1169 2034 1274 2094 dicere
1298 2033 1468 2108 potuisset,

193 2146 250 2206 sed
285 2147 471 2221 „irritandi”
504 2148 555 2206 vel
589 2147 800 2222 „invocandi”
832 2148 976 2224 verbum,
1001 2149 1030 2208 si
1053 2149 1091 2210 de
1116 2151 1176 2208 dea
1199 2148 1340 2222 quadam
1364 2147 1468 2221 loque·

192 2260 292 2334 retur,
323 2263 525 2335 usurpasset,
553 2259 783 2334 „pestiferam”
809 2261 860 2322 vel
889 2261 1040 2336 ,ultionis
1065 2263 1293 2337 appetentem'’
1319 2278 1392 2323 eam
1418 2278 1469 2323 vo·

194 2375 311 2433 casset.
343 2373 425 2446 rorgo
456 2371 566 2451 μεγάλα
598 2369 697 2450 ἐρινύς
727 2375 794 2435 fere
825 2375 911 2434 idem
941 2379 993 2435 est
1023 2391 1060 2436 ac
1092 2375 1202 2454 μεγάλα
1233 2374 1340 2452 βλάβα,
1371 2390 1469 2447 quam

194 2502 234 2546 ne
266 2487 379 2546 eadem
410 2486 478 2546 Iola
509 2486 659 2546 Herculis
690 2488 799 2547 domui
832 2488 972 2563 afferret,
1001 2489 1151 2548 Deianira
1175 2488 1332 2548 metuisse
1355 2488 1471 2548 dicitur

195 2605 255 2672 (vs.
280 2601 374 2671 842);

530 2712 659 2793 μεγάλαν
682 2723 839 2794 προορῶσα
863 2712 967 2791 δόμοις
989 2714 1105 2794 βλάβαν

530 2823 607 2886 νέων
630 2824 795 2887 ἀΐσσουσαν
822 2827 939 2906 γάμων,

195 2957 300 3015 neque
322 2942 499 3015 quidquam
522 2941 607 3002 inter
631 2956 686 3001 eas
711 2957 807 3002 voces
830 2943 979 3018 interest,
1004 2943 1067 3004 uisi
1091 2944 1175 3018 quod
1199 2945 1260 3004 hoc
1283 2960 1301 3004 e
1325 2957 1474 3004 sermone

196 3057 356 3117 cotidiano
379 3059 559 3132 sumptum,
583 3055 662 3115 illud
686 3056 790 3130 poetis
813 3057 978 3132 proprium
1003 3059 1063 3118 est.

240 3171 353 3244 Itaque
379 3171 546 3230 neminem
569 3169 669 3229 latere
693 3172 802 3242 potest
824 3171 1015 3246 Sophoclem
1036 3186 1100 3231 non
1120 3171 1244 3233 claram
1264 3172 1477 3243 accurateque

196 3283 391 3344 delineatam
421 3284 601 3356 imaginem
633 3285 744 3344 mente
775 3284 838 3344 sibi
865 3285 1071 3346 informasse.
1105 3287 1234 3362 Poetae,
1266 3287 1318 3347 cui
1348 3299 1478 3358 nomen,

196 3412 258 3471 quo
290 3397 349 3456 dea
380 3397 542 3457 iudicatur
573 3398 606 3456 et
638 3399 832 3458 vocabulum
867 3399 992 3472 „noxa”
1018 3399 1104 3459 idern
1125 3400 1193 3459 fere
1217 3398 1348 3458 valeant
1363 3391 1395 3474 ¹),
1420 3399 1481 3458 dea

196 3512 325 3571 mortua
345 3512 395 3570 est
417 3510 468 3571 vel
489 3511 596 3583 potius
614 3510 685 3584 ipsa
705 3511 784 3571 deae
805 3527 943 3585 persona
955 3514 1098 3587 evanuit,
1113 3513 1164 3572 vis
1176 3513 1309 3573 tantum
1321 3515 1480 3586 superest.

198 3625 260 3684 Sed
279 3624 468 3697 priusquam
489 3625 806 3696 argumentationem
827 3627 974 3686 nostram
995 3627 1239 3699 concludamus,
1253 3626 1353 3686 ceteri
1366 3626 1480 3700 Sopho·

197 3738 257 3798 olis
280 3737 351 3811 loci,
376 3740 429 3812 qui
453 3737 494 3796 ad
518 3752 588 3796 rem
612 3738 746 3814 iaciunt,
772 3739 927 3800 afferendi
951 3743 1030 3801 sunt
1053 3756 1180 3801 omnes.

241 3851 372 3911 Duobus
395 3853 525 3912 tantum
551 3850 631 3911 locis
655 3852 760 3911 Furiis
779 3852 973 3927 Aeschyleis
993 3854 1122 3914 simlles
1143 3853 1348 3928 reperiuntur
1369 3854 1484 3927 Sopho·

197 3962 295 4024 oleae.
325 3964 468 4040 Quorum
493 3965 575 4025 alter
598 3967 631 4026 in
655 3967 840 4028 fabularum
864 3970 1081 4042 superstitum
1107 3969 1350 4042 antiquissima,
1376 3968 1486 4042 Aiace,

197 4075 325 4154 legitur,
356 4079 439 4140 alter
470 4078 504 4136 in
535 4078 720 4151 fragmento
747 4081 877 4142 fabulae
901 4081 1036 4142 easdem
1061 4097 1115 4144 res
1139 4082 1324 4157 tractantis
1348 4081 1488 4142 fortasse

197 4190 296 4263 igitur
320 4192 433 4252 eodem
457 4191 524 4252 fere
548 4195 694 4267 tempore
717 4195 868 4268 scriptae.
894 4196 945 4256 Ar.
972 4197 1056 4256 835:

490 4309 570 4364 καλῶ
596 4300 625 4365 δ’
652 4303 788 4386 ἀρωγοὺς
814 4305 865 4379 τὰς
888 4305 938 4369 ἀεί
960 4329 990 4367 τε
1014 4306 1193 4384 παρθένους

492 4415 539 4478 ἀεί
561 4413 590 4478 θ’
617 4415 732 4499 ὁρώσας
756 4421 853 4481 πάντα
876 4420 931 4482 τάν
956 4423 1077 4504 βροτοῖς
1100 4421 1191 4502 πάθη

237 4660 255 4726 ¹)
274 4664 364 4710 Trach.
384 4666 432 4711 895
447 4675 467 4716 ><
481 4665 571 4717 Trach.
592 4667 647 4711 842.
665 4668 748 4726 Antlg.
769 4670 831 4716 1075
843 4677 864 4719 Χ
877 4669 964 4728 Antig.
985 4669 1059 4717 1104.
