3536 5068
884 231 922 290 ia

554 392 648 470 σοφὸς
672 391 728 474 γὰρ
753 390 852 464 οὐδεὶς
875 391 953 470 πλὴν
976 387 1011 452 ὃν
1036 389 1073 450 liv
1095 403 1164 476 τιμᾷ
1186 391 1267 464 θεός.

553 503 610 566 ἀλλ’
638 507 678 579 εἰς
702 505 793 578 θεοὺς
819 503 943 585 ὅρῶντιι,
964 501 1022 565 κᾶν
1045 504 1099 578 ἔξω
1123 506 1207 584 δίκης

551 625 656 700 χωρεῖν
678 620 793 705 κελεύῃ,
815 615 887 680 κεῖσ’
915 617 1084 700 ὁδοιπορεῖν
1108 619 1209 700 χρεών·

552 733 672 814 αἰσχρὸν
696 732 751 814 γὰρ
776 729 876 809 οὐδὲν,
899 725 941 793 ὧν
965 731 1154 812 ὑφηγοῦνται
1177 732 1254 794 θεοί.

308 849 394 908 Iovis
425 848 512 908 enim
531 849 675 909 consilia
699 864 827 924 semper
857 865 931 908 cum
957 849 1065 909 divina
1089 849 1214 908 iustitia
1237 848 1427 921 congruunt,
1452 845 1535 916 quod

264 961 324 1020 hac
346 962 488 1035 imagine
511 962 637 1036 poetica
661 979 854 1038 expressum
880 964 1044 1024 videmus:

439 1074 517 1152 δίκη,
539 1075 678 1154 ξύνεόρος
703 1074 801 1153 Ζηνὸς
824 1073 956 1154 ἀρχαίοις
979 1075 1111 1156 θρόνοις.
1159 1077 1205 1146 (Ο.
1231 1075 1263 1135 G.
1291 1075 1386 1141 1382)

309 1189 391 1249 Addi
421 1190 538 1265 potest,
566 1190 756 1263 Sophoclem
779 1205 876 1264 saepe
900 1191 938 1250 de
963 1205 1093 1249 summo
1118 1187 1299 1264 1919119911
1323 1187 1417 1260 quasi
1439 1187 1478 1246 de
1501 1201 1536 1245 re

264 1302 373 1361 stabili
403 1301 542 1378 etfixa,
572 1319 701 1378 semper
732 1306 804 1363 rata
828 1307 924 1376 atque
948 1303 1065 1376 ubique
1089 1302 1210 1363 valenti
1233 1302 1320 1374 loqui
1344 1301 1435 1371 (Phil.
1460 1300 1535 1372 926,

268 1415 361 1475 1036.
394 1417 428 1476 Ο.
462 1417 499 1476 R.
533 1418 607 1477 885.
640 1418 675 1477 Ο.
709 1417 741 1477 C.
774 1418 848 1478 996.
881 1417 927 1477 ΕΙ.
963 1419 1013 1492 io,
1047 1418 1120 1491 338,
1154 1419 1227 1476 476.
1260 1416 1434 1488 Α91.369,
1460 1412 1534 1486 538,

265 1529 556 1603 chamierus).
611 1515 615 1523 '
1057 1505 1059 1508 ’

309 1641 500 1702 Statuamus
520 1646 631 1703 autem
651 1659 784 1704 necesse
803 1645 854 1703 est
873 1646 1013 1718 poetam,
1034 1645 1088 1714 qui
1109 1644 1231 1703 summi
1247 1643 1321 1702 boni
1334 1641 1533 1716 splendidam

265 1756 471 1830 vividamque
490 1759 667 1832 imaginem
685 1761 794 1820 mente
811 1759 876 1818 sibi
895 1758 1114 1833 informasset,
1133 1756 1245 1829 quanti
1265 1758 1361 1815 homo
1374 1753 1535 1827 quispiam

263 1872 352 1929 esset
374 1871 550 1948 faciendus,
574 1887 637 1931 non
662 1888 703 1932 ex
726 1874 823 1932 rebus
847 1873 997 1933 secundis
1018 1871 1068 1931 vel
1089 1872 1234 1930 adversis
1254 1870 1458 1943 aestimasse,
1479 1866 1535 1926 sed

263 1983 303 2042 ad
320 1984 446 2042 summi
468 1984 556 2044 illius
576 1986 649 2045 boni
670 1987 848 2058 imaginem
861 1987 1049 2046 mortalium
1063 1985 1255 2044 diiudicasse
1268 1983 1418 2057 pretium,
1432 1995 1536 2053 neque

264 2110 407 2168 unquam
432 2098 548 2173 virum,
581 2115 678 2172 quem
701 2101 828 2173 magnis
852 2100 952 2159 animi
973 2099 1063 2158 vitiis
1090 2097 1264 2158 obnoxium
1286 2112 1358 2156 esse
1379 2095 1535 2170 censeret,

264 2210 357 2282 quasi
387 2211 476 2284 pium
509 2215 723 2285 sanctumque
756 2217 852 2285 atque
885 2214 973 2274 caelo
1004 2214 1137 2286 dignum
1168 2213 1330 2284 picturum
1361 2209 1472 2268 fuisse.
1496 2207 1536 2266 iit
1628 2275 1630 2279 ⁸

264 2324 416 2395 quoniam
447 2326 514 2384 veri
546 2327 654 2385 simile
683 2328 734 2386 est
758 2345 843 2402 eum,
869 2329 923 2402 qui
948 2343 1100 2400 magnam
1126 2330 1158 2386 et
1182 2327 1347 2387 excelsam
1371 2326 1534 2385 notionem

220 2516 222 2522 Ι
263 2439 388 2510 primus
407 2438 576 2510 protulerit
598 2440 647 2499 vel
668 2455 744 2514 prae
767 2443 883 2502 ceteris
904 2442 1123 2516 celebraverit,
1141 2441 1259 2501 clarius
1272 2455 1370 2512 quam
1383 2438 1535 2512 aequales

264 2551 466 2623 maioresque
501 2553 715 2628 perspexisse,
752 2555 827 2627 quid
861 2558 997 2632 rectum,
1033 2556 1108 2627 quid
1144 2569 1290 2629 pravum,
1326 2553 1402 2625 quid
1433 2550 1534 2611 animi

263 2665 377 2739 virtus,
410 2665 485 2737 quid
517 2666 631 2724 vitium
665 2668 753 2726 esset
783 2668 977 2745 habendum,
1009 2670 1091 2730 ratio
1122 2667 1185 2728 fert
1215 2670 1251 2727 ut
1282 2681 1454 2726 sumamus
1481 2665 1533 2724 So·

262 2777 420 2851 99991991,
451 2779 536 2851 apud
567 2794 664 2851 quem
695 2781 837 2852 primum
854 2775 873 2850 ¹)
904 2780 1002 2858 νόμων
1026 2780 1170 2860 ἀγράφων
1193 2778 1251 2839 fiat
1275 2779 1407 2853 mentio,
1431 2777 1533 2836 multo

263 2893 382 2953 melius
405 2908 503 2964 quam
527 2893 696 2967 plerosque
720 2910 798 2954 suae
822 2896 940 2954 aetatis
964 2896 1113 2956 homines
1136 2893 1289 2967 sensisse,
1315 2891 1389 2965 quid
1412 2891 1445 2949 in
1466 2890 1534 2948 vita

263 3006 461 3081 fugiendum,
501 3007 576 3078 quid
615 3009 788 3080 petendum
826 3011 924 3083 esset,
960 3009 1107 3081 qualisve
1149 3008 1245 3066 homo
1281 3019 1412 3064 summa
1447 3005 1534 3063 esset

263 3120 469 3180 observantia
493 3121 617 3193 dignus.
868 3197 872 3204 ι
1381 3179 1383 3184 .

307 3233 377 3293 Non
409 3249 487 3293 sene
512 3235 705 3294 contendam
730 3235 878 3310 Sophocli
902 3238 1003 3298 fuisse
1026 3239 1173 3299 notiones
1199 3234 1408 3308 christianas,
1432 3233 1534 3292 immo

196 3324 202 3333 ¹
263 3363 338 3406 vere
370 3347 527 3407 Graecum
560 3347 661 3407 fuisse
693 3349 775 3408 satis
806 3351 897 3425 novi;
923 3351 980 3410 sed
1011 3352 1192 3412 cavendum
1224 3327 1296 3408 esse
1322 3347 1467 3422 arbitror,
1494 3361 1535 3406 ne

263 3461 363 3520 etiam
387 3460 471 3520 infra
494 3460 596 3533 ipsius
620 3462 791 3535 populares
815 3479 889 3523 eum
914 3479 1091 3540 ponamns;
1117 3478 1254 3536 quorum
1277 3462 1445 3535 plerosque
1465 3460 1535 3519 sine

264 3574 358 3634 dubio
382 3574 476 3646 longe
500 3576 682 3648 superabat.
707 3576 793 3636 Nihil
818 3579 905 3638 enim
929 3582 1004 3639 ante
1025 3579 1195 3638 Platonem
1214 3577 1246 3634 in
1267 3575 1385 3634 litteris
1406 3573 1535 3633 Graecis

263 3687 426 3747 invenitur
456 3687 594 3747 nobilius
627 3691 808 3766 sententiis
842 3706 924 3764 quae
956 3692 1039 3765 apud
1072 3689 1260 3764 Sophoclem
1289 3688 1437 3749 exstant:
1461 3686 1536 3746 huic

263 3799 456 3874 opinionem,
482 3814 563 3872 quae
587 3816 624 3860 eo
648 3801 779 3875 indigna
801 3804 855 3878 sit,
880 3804 1019 3864 tribuere
1044 3804 1136 3864 nefas
1160 3804 1250 3862 duco.

298 4039 319 4106 ¹)
344 4043 515 4102 Thucydides,
539 4045 583 4103 qui
607 4040 673 4108 (Lib.
697 4045 732 4093 II.
757 4059 812 4106 cap.
836 4048 867 4094 ei
891 4048 917 4092 in
941 4044 1003 4111 fine)
1022 4047 1112 4094 eadem
1130 4061 1193 4094 voce
1213 4050 1294 4105 ,νόμοι
1311 4046 1428 4111 ἅγραφοι”
1447 4047 1536 4102 utitur,

264 4122 319 4168 sine
345 4121 423 4168 dubio
446 4126 505 4182 post
529 4124 663 4182 Sophoclis
687 4124 789 4171 fabulas
814 4129 884 4172 99199
906 4126 986 4173 libros
1010 4139 1072 4173 snos
1092 4127 1195 4187 scripsit
1218 4130 1245 4173 et
1262 4127 1389 4182 Socrates,
1407 4126 1451 4184 qui
1468 4124 1536 4184 apud

263 4203 458 4261 Xenophontem
478 4205 562 4262 (Mem.
582 4207 604 4250 4.
626 4206 650 4251 4.
671 4204 711 4265 19)
729 4209 815 4264 rogat:
833 4210 963 4270 Ἀγράφους
980 4207 1004 4252 δὲ
1022 4222 1085 4261 τινας
1103 4202 1176 4254 οἶσθα
1194 4209 1288 4264 νόμους,Ι
1307 4208 1333 4253 91
1350 4206 1424 4264 plura
1439 4205 1471 4251 de
1486 4205 1537 4250 illis

264 4282 365 4341 legibus
389 4282 510 4340 disputat,
534 4286 676 4331 secundnm
700 4287 783 4333 virum
806 4287 983 4334 doctissimum
1006 4287 1034 4334 E.
1056 4287 1139 4334 Zeller
1163 4288 1230 4333 circs
1247 4286 1309 4333 belli
1327 4283 1537 4342 Peloponnesiaci

264 4361 365 4408 initium
380 4361 483 4421 publice
494 4362 620 4411 disserere
637 4366 761 4421 instituit3
778 4366 822 4412 din
838 4367 916 4426 igitur
929 4369 988 4426 post
1001 4367 1135 4426 Sophoclis
1150 4367 1264 4413 fabulam
1281 4367 1441 4425 Antigonam,
1460 4378 1535 4423 qnam

264 4443 322 4487 ante
341 4453 434 4488 annum
453 4443 500 4489 441
522 4445 605 4491 sctum
625 4458 682 4493 esse
700 4445 769 4504 epnd
787 4446 841 4492 fere
859 4459 948 4493 omnes
966 4449 1072 4493 constat.

783 4616 1023 4624 ινφ-Μ-
