3536 5068
842 255 883 312 25

224 429 287 487 qua
313 416 463 475 sanctum
488 415 573 475 erat:
599 410 651 472 ἐὰν
674 410 726 472 ἕνα
750 410 910 491 ὀφθαλμὸν
935 412 1050 492 ἔχοντος
1074 411 1188 496 ἐκκόψῃ
1211 436 1264 490 τις,
1287 411 1492 474 ἀντεκκόπτειν

223 525 292 597 τοὺς
320 526 440 608 δύο,61
471 528 606 587 eandem
632 529 832 588 sanctionem
858 528 983 601 legibus
1008 527 1192 588 Charondae
1217 529 1250 587 et
1275 528 1413 603 Zaleuci,
1438 529 1492 601 qui

224 640 348 700 Solonis
378 642 445 701 iere
475 642 628 714 aequales
659 641 798 718 fuerunt,
830 645 943 714 postea
974 641 1117 701 additam
1150 656 1222 700 esse
1257 641 1494 701 Demosthenes

223 754 359 824 (advers.
390 756 527 817 Timocr.
563 757 624 816 139
657 772 727 830 pag.
761 758 834 828 744)
867 760 899 816 et
931 757 1019 828 Diog.
1051 756 1156 815 Laert.
1188 757 1223 826 (1.
1257 758 1309 825 57)
1340 749 1491 815 referunt.

224 868 310 944 Quae
334 870 388 942 qui
412 871 659 945 constituerunt,
684 887 740 930 eos
764 872 897 945 apparet
919 870 1081 960 exanimi
1101 870 1265 952 sententia
1282 869 1397 928 iecisse
1417 884 1493 928 cum

223 997 270 1057 eo,
296 984 350 1055 qui
373 985 596 1058 praescripsit:
621 983 762 1060 ,Reddet
783 985 926 1044 animam
947 999 1003 1058 pro
1023 984 1143 1058 anima,
1164 983 1293 1042 oculum
1314 997 1370 1055 pro
1390 982 1491 1056 oculo,

223 1097 352 1156 dentem
376 1111 432 1170 pro
456 1098 560 1172 dente,
585 1113 720 1157 manum
743 1113 799 1170 pro
823 1113 932 1173 mann,
956 1097 1071 1171 pedem
1094 1112 1150 1170 pro
1174 1097 1263 1171 pede,
1288 1095 1491 1154 adustionem

222 1224 278 1282 pro
298 1210 476 1285 adustione,
491 1211 609 1270 vulnus
622 1226 677 1285 pro
691 1211 833 1288 vulnere,
847 1211 983 1271 livorem
995 1226 1051 1285 pro
1064 1209 1197 1270 livore.'’
1211 1209 1320 1280 (Exod.
1335 1209 1414 1268 XXI
1428 1210 1490 1279 23).

266 1777 431 1851 Sophoclis
462 1781 573 1838 autem
601 1793 683 1852 quae
715 1779 774 1838 hac
802 1779 840 1837 de
864 1792 899 1837 re
922 1777 1019 1838 fuerit
1042 1777 1213 1852 sententia,
1238 1776 1320 1835 satis
1343 1775 1428 1836 clare
1452 1791 1491 1836 ex
1527 1778 1533 1792 ‘

221 1892 291 1951 eius
322 1889 442 1950 fabulis
464 1893 698 1966 cognoscimus.
724 1892 783 1968 Qui
807 1892 834 1950 si
859 1891 909 1950 ius
933 1891 1063 1952 talionis
1087 1905 1218 1964 prorsus
1241 1890 1416 1964 reiecisset,
1441 1904 1491 1963 po·

220 2005 380 2065 tuissetne
412 2006 624 2066 Philoctetem
652 2007 724 2066 odio
750 2006 943 2078 flagrantem
975 2006 1008 2065 et
1030 2003 1163 2064 ultionis
1187 2004 1393 2078 appetentem
1417 2002 1491 2072 (vid.

219 2119 253 2178 iu
276 2119 390 2192 primis
412 2135 457 2179 vs.
485 2121 547 2180 794
572 2121 789 2190 6111131116
812 2119 982 2192 depingere
1006 2121 1039 2179 et
1058 2118 1091 2178 in
1112 2133 1246 2178 scenam
1271 2117 1432 2190 inducere,
1456 2117 1493 2174 ut

220 2233 316 2293 heros
340 2235 592 2294 misericordiam
618 2236 651 2294 et
674 2250 750 2294 eum
770 2249 914 2310 sensum,
936 2249 1033 2306 quem
1054 2231 1246 2310 συμπάθειαν
1265 2232 1378 2292 Graeci
1389 2231 1492 2305 appel·

221 2347 300 2422 lant,
333 2363 407 2407 cum
438 2350 522 2422 apud
553 2349 752 2422 spectatores
783 2347 934 2420 antiquos
956 2349 1028 2406 tum
1054 2349 1138 2422 apud
1161 2346 1299 2406 lectores
1322 2345 1492 2404 hodiernos

219 2465 391 2523 moveret?
416 2497 455 2505 —
478 2463 651 2524 Herculine
671 2463 805 2522 ultionis
825 2463 972 2523 studium
992 2463 1026 2522 61
1045 2462 1155 2522 uxoris
1175 2461 1294 2536 odium,
1316 2461 1490 2534 antequam
1535 2494 1539 2502 ·

218 2575 403 2636 Deianiram
433 2576 597 2636 insontem
635 2592 708 2636 esse
739 2577 927 2651 comperuit,
956 2577 989 2635 in
1019 2575 1197 2636 Trachiniis
1220 2575 1294 2645 (vid.
1320 2553 1376 2634 uss
1396 2574 1491 2648 1038,

170 2745 173 2751 .
221 2689 316 2764 1108,
349 2690 387 2750 cf.
416 2689 550 2762 Hyllum
583 2691 657 2760 819)
689 2691 882 2750 tribuisset?
907 2723 946 2733 —
972 2690 1163 2750 Orestemue
1193 2691 1334 2749 matrem
1358 2689 1490 2749 deorum

218 2817 407 2876 superorum
442 2803 534 2862 iussu
570 2804 713 2863 occidere
748 2804 880 2865 fecisset
915 2805 947 2864 in
982 2804 1133 2863 Electra?
1169 2836 1209 2845 -
1244 2802 1377 2862 Accedit
1407 2802 1492 2874 quod

218 2917 364 2977 nonnulli
395 2934 509 2978 versus
541 2933 581 2977 ue
607 2919 718 2978 sinunt
742 2920 870 2993 quidem
897 2935 957 2980 nos
980 2919 1127 2979 dubitare
1151 2931 1234 2991 quae
1257 2918 1370 2992 poetae
1394 2917 1492 2976 fuerit

219 3031 342 3105 opinio:

263 3145 298 3206 O.
325 3145 357 3206 C.
383 3162 430 3206 vs.
456 3149 519 3207 228
544 3148 669 3224 chorus,
692 3148 746 3222 qui
767 3148 829 3209 lide
849 3151 943 3224 rupta
965 3149 1120 3222 Oedipum
1143 3165 1160 3208 6
1179 3148 1307 3220 regione
1331 3145 1491 3220 expellere

218 3263 315 3337 cupit,
341 3263 444 3322 canit:

598 3375 699 3436 οὐδενί
724 3377 854 3456 μοιριδία
878 3377 950 3448 τίσις
975 3376 1084 3455 ἔρχεται

596 3485 634 3547 dv
657 3489 803 3571 προπάθῃ
827 3487 859 3548 τὸ
883 3489 983 3549 τίνειν.

261 3601 387 3661 Nemo
407 3617 537 3674 poena
559 3602 689 3662 fatali
714 3603 934 3679 afficitur,
959 3603 1027 3675 qui
1052 3617 1124 3676 par
1143 3603 1233 3677 pari
1254 3601 1491 3662 rettulerit.

217 3715 252 3775 O.
278 3714 310 3775 O.
338 3731 385 3774 vc.
411 3716 472 3774 271
499 3716 639 3790 Oedipus
663 3732 757 3776 suam
782 3716 850 3776 Laii
875 3718 1005 3778 caedem
1031 3717 1091 3776 hoc
1115 3717 1209 3777 modo
1233 3716 1390 3777 defendit:

989 3828 1046 3911 ἐγὼ

486 3941 564 4014 ὅστις
587 3941 698 4002 παθὼν
722 3939 775 4018 μὲν
800 3939 959 4022 ἀντίδρων,
983 3937 1046 4004 ὥστ’
1073 3943 1100 4002 εἰ
1123 3953 1245 4022 φρονῶν

486 4053 642 4134 ἔπρασσον,
668 4050 735 4115 οὐδ’
763 4051 800 4112 ίίν
825 4048 879 4116 ὧδ’
907 4055 1065 4137 ἐγιγνόμην
1090 4055 1188 4128 κακός.

263 4169 301 4228 Oi
323 4169 387 4227 994
408 4184 476 4241 sqq.
499 4170 591 4228 Haud
614 4168 707 4228 aliter
727 4169 759 4226 in
781 4169 885 4241 priore
907 4170 1016 4230 fabula
1029 4170 1168 4243 Oedipus
1181 4185 1239 4230 rex
1252 4171 1320 4230 iure
1333 4186 1368 4230 se
1382 4169 1492 4230 Creon·

217 4290 282 4343 tem
320 4299 393 4343 esse
428 4285 627 4356 perditurum
664 4283 839 4360 contendit,
873 4286 988 4358 quippe
1021 4285 1072 4344 cui
1104 4300 1218 4344 nocere
1249 4283 1330 4344 levir
1352 4284 1492 4357 studeat,

218 4413 263 4458 vs
291 4399 372 4458 642:

485 4512 628 4588 ξύμφημι·
655 4511 770 4589 δρῶντα
794 4509 849 4590 γάρ
874 4534 932 4583 νιν,
956 4503 978 4570 ὧ
1003 4511 1101 4590 γύναι,
1125 4520 1222 4582 κακῶς

484 4624 589 4702 εί1ηφα
614 4623 725 4700 τούμὸν
751 4632 834 4699 σῶμα
860 4622 916 4683 σὺν
940 4623 1025 4707 τέχνῃ
1049 4633 1134 4707 κακῇ.
