<?xml version="1.0" encoding="UTF-8"?>
<!DOCTYPE html PUBLIC "-//W3C//DTD XHTML 1.0 Transitional//EN"
    "http://www.w3.org/TR/xhtml1/DTD/xhtml1-transitional.dtd">
<html xmlns="http://www.w3.org/1999/xhtml" xml:lang="en" lang="en">
 <head>
  <title>
</title>
<meta http-equiv="Content-Type" content="text/html;charset=utf-8" />
  <meta name='ocr-system' content='tesseract 3.04.00' />
  <meta name='ocr-capabilities' content='ocr_page ocr_carea ocr_par ocr_line ocrx_word'/>
</head>
<body>
  <div class='ocr_page' id='page_1' title='image "./desophoclisoedi00hooygoog_0019.png"; bbox 0 0 3536 5068; ppageno 0'>
   <div class='ocr_carea' id='block_1_1' title="bbox 899 219 918 278">
    <p class='ocr_par' dir='ltr' id='par_1_1' title="bbox 899 219 918 278">
     <span class='ocr_line' id='line_1_1' title="bbox 899 219 918 278; baseline 0 0"><span class='ocrx_word' id='word_1_1' title='bbox 899 219 918 278; x_wconf 93' lang='lat'><em>8</em></span> 
     </span>
    </p>
   </div>
   <div class='ocr_carea' id='block_1_2' title="bbox 605 379 1276 1484">
    <p class='ocr_par' dir='ltr' id='par_1_2' title="bbox 607 379 1009 458">
     <span class='ocr_line' id='line_1_2' title="bbox 607 379 1009 458; baseline -0.005 -16"><span class='ocrx_word' id='word_1_2' title='bbox 607 380 741 442; x_wconf 80' lang='grc' dir='ltr'><strong><em>ἀκόντων</em></strong></span> <span class='ocrx_word' id='word_1_3' title='bbox 765 379 878 453; x_wconf 83' lang='grc' dir='ltr'><strong><em>ἀίοντες</em></strong></span> <span class='ocrx_word' id='word_1_4' title='bbox 901 381 1009 458; x_wconf 87' lang='grc' dir='ltr'><strong><em>αύδάν,</em></strong></span> 
     </span>
    </p>

    <p class='ocr_par' dir='ltr' id='par_1_3' title="bbox 606 492 1157 574">
     <span class='ocr_line' id='line_1_3' title="bbox 606 492 1157 574; baseline 0 -20"><span class='ocrx_word' id='word_1_5' title='bbox 606 492 665 556; x_wconf 88' lang='grc' dir='ltr'><strong><em>ἀλλ’</em></strong></span> <span class='ocrx_word' id='word_1_6' title='bbox 693 492 742 573; x_wconf 74' lang='grc' dir='ltr'><strong><em>ἐμὲ</em></strong></span> <span class='ocrx_word' id='word_1_7' title='bbox 764 493 818 555; x_wconf 88' lang='grc' dir='ltr'><strong><em>τάν</em></strong></span> <span class='ocrx_word' id='word_1_8' title='bbox 842 495 958 574; x_wconf 89' lang='grc' dir='ltr'><strong><em>μελεάν,</em></strong></span> <span class='ocrx_word' id='word_1_9' title='bbox 980 495 1157 573; x_wconf 80' lang='grc' dir='ltr'><strong><em>ἱκετεύομεν,</em></strong></span> 
     </span>
    </p>

    <p class='ocr_par' dir='ltr' id='par_1_4' title="bbox 608 601 963 689">
     <span class='ocr_line' id='line_1_4' title="bbox 608 601 963 689; baseline -0.006 -19"><span class='ocrx_word' id='word_1_10' title='bbox 608 601 631 669; x_wconf 80' lang='grc' dir='ltr'><strong><em>ἀι</em></strong></span> <span class='ocrx_word' id='word_1_11' title='bbox 656 607 744 687; x_wconf 81' lang='grc' dir='ltr'><strong><em>ξένοι,</em></strong></span> <span class='ocrx_word' id='word_1_12' title='bbox 768 603 923 689; x_wconf 66' lang='grc' dir='ltr'><strong><em>οἰκτίραλδ,</em></strong></span> <span class='ocrx_word' id='word_1_13' title='bbox 944 605 963 668; x_wconf 82' lang='grc' dir='ltr'><strong><em>δι</em></strong></span> 
     </span>
    </p>

    <p class='ocr_par' dir='ltr' id='par_1_5' title="bbox 605 719 1276 1484">
     <span class='ocr_line' id='line_1_5' title="bbox 605 719 1155 804; baseline -0.002 -21"><span class='ocrx_word' id='word_1_14' title='bbox 605 722 716 804; x_wconf 80' lang='grc' dir='ltr'><strong><em>πατρὸς</em></strong></span> <span class='ocrx_word' id='word_1_15' title='bbox 738 719 813 804; x_wconf 79' lang='grc' dir='ltr'><strong><em>ὑπὲρ</em></strong></span> <span class='ocrx_word' id='word_1_16' title='bbox 836 731 888 783; x_wconf 81' lang='grc' dir='ltr'><strong><em>τοῦ</em></strong></span> <span class='ocrx_word' id='word_1_17' title='bbox 912 722 1007 801; x_wconf 93' lang='grc' dir='ltr'><strong><em>μόνου</em></strong></span> <span class='ocrx_word' id='word_1_18' title='bbox 1030 720 1155 800; x_wconf 93' lang='grc' dir='ltr'><strong><em>ἄντομαι</em></strong></span> 
     </span>
     <span class='ocr_line' id='line_1_6' title="bbox 608 832 1178 916; baseline -0.002 -20"><span class='ocrx_word' id='word_1_19' title='bbox 608 833 735 914; x_wconf 88' lang='grc' dir='ltr'><strong><em>ἄντομαι</em></strong></span> <span class='ocrx_word' id='word_1_20' title='bbox 758 835 814 896; x_wconf 89' lang='grc' dir='ltr'><strong><em>ούκ</em></strong></span> <span class='ocrx_word' id='word_1_21' title='bbox 837 835 939 908; x_wconf 85' lang='grc' dir='ltr'><strong><em>ἀλαοῖς</em></strong></span> <span class='ocrx_word' id='word_1_22' title='bbox 965 832 1178 916; x_wconf 82' lang='grc' dir='ltr'><strong><em>ττροσορωμένα</em></strong></span> 
     </span>
     <span class='ocr_line' id='line_1_7' title="bbox 607 944 1276 1027; baseline -0.001 -17"><span class='ocrx_word' id='word_1_23' title='bbox 607 947 687 1027; x_wconf 81' lang='grc' dir='ltr'><strong><em>ὄμμα</em></strong></span> <span class='ocrx_word' id='word_1_24' title='bbox 711 949 764 1010; x_wconf 84' lang='grc' dir='ltr'><strong><em>σὸν</em></strong></span> <span class='ocrx_word' id='word_1_25' title='bbox 788 947 927 1027; x_wconf 86' lang='grc' dir='ltr'><strong><em>ἄμμασιν,</em></strong></span> <span class='ocrx_word' id='word_1_26' title='bbox 950 949 989 1021; x_wconf 78' lang='grc' dir='ltr'><strong><em>ὥς</em></strong></span> <span class='ocrx_word' id='word_1_27' title='bbox 1012 972 1055 1022; x_wconf 86' lang='grc' dir='ltr'><strong><em>τις</em></strong></span> <span class='ocrx_word' id='word_1_28' title='bbox 1079 944 1129 1025; x_wconf 87' lang='grc' dir='ltr'><strong><em>ἀφ’</em></strong></span> <span class='ocrx_word' id='word_1_29' title='bbox 1155 949 1276 1027; x_wconf 75' lang='grc' dir='ltr'><strong><em>αἵματος</em></strong></span> 
     </span>
     <span class='ocr_line' id='line_1_8' title="bbox 606 1059 1175 1143; baseline 0 -21"><span class='ocrx_word' id='word_1_30' title='bbox 606 1060 749 1142; x_wconf 77' lang='grc' dir='ltr'><strong><em>ὑμετέρου</em></strong></span> <span class='ocrx_word' id='word_1_31' title='bbox 773 1067 971 1143; x_wconf 81' lang='grc' dir='ltr'><strong><em>προφανεῖσα,</em></strong></span> <span class='ocrx_word' id='word_1_32' title='bbox 992 1061 1044 1124; x_wconf 87' lang='grc' dir='ltr'><strong><em>τὸν</em></strong></span> <span class='ocrx_word' id='word_1_33' title='bbox 1067 1059 1175 1122; x_wconf 77' lang='grc' dir='ltr'><strong><em>ἄθλιον</em></strong></span> 
     </span>
     <span class='ocr_line' id='line_1_9' title="bbox 606 1173 1229 1260; baseline 0 -24"><span class='ocrx_word' id='word_1_34' title='bbox 606 1175 711 1248; x_wconf 83' lang='grc' dir='ltr'><strong><em>αίδούς</em></strong></span> <span class='ocrx_word' id='word_1_35' title='bbox 733 1177 849 1257; x_wconf 91' lang='grc' dir='ltr'><strong><em>κύρσαι.</em></strong></span> <span class='ocrx_word' id='word_1_36' title='bbox 873 1174 905 1236; x_wconf 83' lang='grc' dir='ltr'><strong><em>έν</em></strong></span> <span class='ocrx_word' id='word_1_37' title='bbox 928 1173 1002 1254; x_wconf 82' lang='grc' dir='ltr'><strong><em>ἄμμι</em></strong></span> <span class='ocrx_word' id='word_1_38' title='bbox 1025 1174 1081 1256; x_wconf 85' lang='grc' dir='ltr'><strong><em>γάρ</em></strong></span> <span class='ocrx_word' id='word_1_39' title='bbox 1104 1174 1144 1249; x_wconf 83' lang='grc' dir='ltr'><strong><em>ὡς</em></strong></span> <span class='ocrx_word' id='word_1_40' title='bbox 1167 1182 1229 1260; x_wconf 77' lang='grc' dir='ltr'><strong><em>θεῷ</em></strong></span> 
     </span>
     <span class='ocr_line' id='line_1_10' title="bbox 606 1284 1205 1367; baseline 0 -17"><span class='ocrx_word' id='word_1_41' title='bbox 606 1291 730 1367; x_wconf 78' lang='grc' dir='ltr'><strong><em>κείμεθα</em></strong></span> <span class='ocrx_word' id='word_1_42' title='bbox 753 1284 906 1367; x_wconf 62' lang='grc' dir='ltr'><strong><em>τλάμονεςζ</em></strong></span> <span class='ocrx_word' id='word_1_43' title='bbox 926 1285 984 1349; x_wconf 83' lang='grc' dir='ltr'><strong><em>ἀλλ’</em></strong></span> <span class='ocrx_word' id='word_1_44' title='bbox 1011 1289 1061 1367; x_wconf 83' lang='grc' dir='ltr'><strong><em>ίτε,</em></strong></span> <span class='ocrx_word' id='word_1_45' title='bbox 1083 1290 1205 1350; x_wconf 86' lang='grc' dir='ltr'><strong><em>νεύσατε</em></strong></span> 
     </span>
     <span class='ocr_line' id='line_1_11' title="bbox 606 1401 948 1484; baseline -0.003 -21"><span class='ocrx_word' id='word_1_46' title='bbox 606 1401 660 1463; x_wconf 90' lang='grc' dir='ltr'><strong><em>τάν</em></strong></span> <span class='ocrx_word' id='word_1_47' title='bbox 683 1403 833 1481; x_wconf 80' lang='grc' dir='ltr'><strong><em>ἀδοκητην</em></strong></span> <span class='ocrx_word' id='word_1_48' title='bbox 856 1402 948 1484; x_wconf 88' lang='grc' dir='ltr'><strong><em>χάριν.</em></strong></span> 
     </span>
    </p>
   </div>
   <div class='ocr_carea' id='block_1_3' title="bbox 606 1511 1391 1596">
    <p class='ocr_par' dir='ltr' id='par_1_6' title="bbox 606 1511 1391 1596">
     <span class='ocr_line' id='line_1_12' title="bbox 606 1511 1391 1596; baseline 0.006 -21"><span class='ocrx_word' id='word_1_49' title='bbox 606 1517 681 1596; x_wconf 81' lang='grc' dir='ltr'><strong><em>πρός</em></strong></span> <span class='ocrx_word' id='word_1_50' title='bbox 704 1511 727 1576; x_wconf 73' lang='grc' dir='ltr'><strong><em>δ</em></strong></span> <span class='ocrx_word' id='word_1_51' title='bbox 757 1515 800 1576; x_wconf 83' lang='grc' dir='ltr'><strong><em>δτι</em></strong></span> <span class='ocrx_word' id='word_1_52' title='bbox 824 1533 870 1576; x_wconf 96' lang='grc' dir='ltr'><strong><em>σοι</em></strong></span> <span class='ocrx_word' id='word_1_53' title='bbox 894 1516 982 1593; x_wconf 80' lang='grc' dir='ltr'><strong><em>φίλον</em></strong></span> <span class='ocrx_word' id='word_1_54' title='bbox 1006 1513 1038 1575; x_wconf 77' lang='grc' dir='ltr'><strong><em>ἐκ</em></strong></span> <span class='ocrx_word' id='word_1_55' title='bbox 1061 1513 1150 1576; x_wconf 81' lang='grc' dir='ltr'><strong><em>σέθεν</em></strong></span> <span class='ocrx_word' id='word_1_56' title='bbox 1173 1513 1298 1595; x_wconf 88' lang='grc' dir='ltr'><strong><em>ἄντομαι</em></strong></span> <span class='ocrx_word' id='word_1_57' title='bbox 1384 1577 1391 1580; x_wconf 86' lang='grc'>.</span> 
     </span>
    </p>
   </div>
   <div class='ocr_carea' id='block_1_4' title="bbox 608 1627 1192 1710">
    <p class='ocr_par' dir='ltr' id='par_1_7' title="bbox 608 1627 1192 1710">
     <span class='ocr_line' id='line_1_13' title="bbox 608 1627 1192 1710; baseline -0.002 -19"><span class='ocrx_word' id='word_1_58' title='bbox 608 1628 628 1710; x_wconf 75' lang='grc' dir='ltr'><strong>ἢ</strong></span> <span class='ocrx_word' id='word_1_59' title='bbox 649 1629 752 1691; x_wconf 89' lang='grc' dir='ltr'><strong><em>τέκνον</em></strong></span> <span class='ocrx_word' id='word_1_60' title='bbox 776 1629 795 1710; x_wconf 73' lang='grc' dir='ltr'><strong><em>ἣ</em></strong></span> <span class='ocrx_word' id='word_1_61' title='bbox 819 1628 899 1710; x_wconf 85' lang='grc' dir='ltr'><strong><em>λέχος</em></strong></span> <span class='ocrx_word' id='word_1_62' title='bbox 921 1627 941 1709; x_wconf 72' lang='grc' dir='ltr'><strong>ἢ</strong></span> <span class='ocrx_word' id='word_1_63' title='bbox 964 1627 1047 1709; x_wconf 86' lang='grc' dir='ltr'><strong><em>χρέος</em></strong></span> <span class='ocrx_word' id='word_1_64' title='bbox 1070 1627 1089 1709; x_wconf 76' lang='grc' dir='ltr'><strong>ἢ</strong></span> <span class='ocrx_word' id='word_1_65' title='bbox 1112 1630 1192 1702; x_wconf 84' lang='grc' dir='ltr'><strong><em>θεός·</em></strong></span> 
     </span>
    </p>
   </div>
   <div class='ocr_carea' id='block_1_5' title="bbox 273 1741 1549 4659">
    <p class='ocr_par' dir='ltr' id='par_1_8' title="bbox 610 1741 1319 2053">
     <span class='ocr_line' id='line_1_14' title="bbox 611 1741 1319 1824; baseline -0.003 -20"><span class='ocrx_word' id='word_1_66' title='bbox 611 1744 647 1805; x_wconf 88' lang='grc' dir='ltr'><strong><em>ού</em></strong></span> <span class='ocrx_word' id='word_1_67' title='bbox 671 1744 727 1824; x_wconf 81' lang='grc' dir='ltr'><strong><em>χάρ</em></strong></span> <span class='ocrx_word' id='word_1_68' title='bbox 750 1745 825 1817; x_wconf 84' lang='grc' dir='ltr'><strong><em>ἴδοις</em></strong></span> <span class='ocrx_word' id='word_1_69' title='bbox 849 1741 887 1804; x_wconf 86' lang='grc' dir='ltr'><strong><em>ἀν</em></strong></span> <span class='ocrx_word' id='word_1_70' title='bbox 910 1743 1016 1824; x_wconf 79' lang='grc' dir='ltr'><strong><em>ἀθρῶν</em></strong></span> <span class='ocrx_word' id='word_1_71' title='bbox 1039 1741 1147 1824; x_wconf 84' lang='grc' dir='ltr'><strong><em>βροτὸν</em></strong></span> <span class='ocrx_word' id='word_1_72' title='bbox 1170 1743 1247 1816; x_wconf 82' lang='grc' dir='ltr'><strong><em>ὅστις</em></strong></span> <span class='ocrx_word' id='word_1_73' title='bbox 1272 1741 1319 1820; x_wconf 90' lang='grc' dir='ltr'><strong><em>ἄν,</em></strong></span> 
     </span>
     <span class='ocr_line' id='line_1_15' title="bbox 610 1856 828 1939; baseline 0 -21"><span class='ocrx_word' id='word_1_74' title='bbox 610 1859 636 1918; x_wconf 89' lang='grc' dir='ltr'><strong><em>εί</em></strong></span> <span class='ocrx_word' id='word_1_75' title='bbox 657 1857 728 1931; x_wconf 77' lang='grc' dir='ltr'><strong><em>θεὸς</em></strong></span> <span class='ocrx_word' id='word_1_76' title='bbox 751 1856 828 1939; x_wconf 85' lang='grc' dir='ltr'><strong><em>ἄχοι,</em></strong></span> 
     </span>
     <span class='ocr_line' id='line_1_16' title="bbox 611 1971 905 2053; baseline 0 -21"><span class='ocrx_word' id='word_1_77' title='bbox 611 1971 750 2053; x_wconf 82' lang='grc' dir='ltr'><strong><em>ε’κφυχείν</em></strong></span> <span class='ocrx_word' id='word_1_78' title='bbox 774 1973 905 2033; x_wconf 89' lang='grc' dir='ltr'><strong><em>δύναιτο.</em></strong></span> 
     </span>
    </p>

    <p class='ocr_par' dir='ltr' id='par_1_9' title="bbox 275 2085 1545 2844">
     <span class='ocr_line' id='line_1_17' title="bbox 320 2085 1545 2160; baseline 0 -15"><span class='ocrx_word' id='word_1_79' title='bbox 320 2086 360 2145; x_wconf 80' lang='lat' dir='ltr'><strong><em>Et</em></strong></span> <span class='ocrx_word' id='word_1_80' title='bbox 391 2102 466 2146; x_wconf 89' lang='lat' dir='ltr'><strong><em>oum</em></strong></span> <span class='ocrx_word' id='word_1_81' title='bbox 497 2087 535 2147; x_wconf 87' lang='lat' dir='ltr'><strong><em>de</em></strong></span> <span class='ocrx_word' id='word_1_82' title='bbox 567 2089 657 2160; x_wconf 81' lang='lat' dir='ltr'>patro</span> <span class='ocrx_word' id='word_1_83' title='bbox 689 2087 830 2160; x_wconf 83' lang='lat' dir='ltr'>loquitur</span> <span class='ocrx_word' id='word_1_84' title='bbox 856 2088 976 2147; x_wconf 83' lang='lat' dir='ltr'>misero</span> <span class='ocrx_word' id='word_1_85' title='bbox 1003 2089 1036 2146; x_wconf 78' lang='lat' dir='ltr'><strong><em>ot</em></strong></span> <span class='ocrx_word' id='word_1_86' title='bbox 1060 2101 1134 2145; x_wconf 82' lang='lat' dir='ltr'><strong><em>uum</em></strong></span> <span class='ocrx_word' id='word_1_87' title='bbox 1158 2085 1245 2145; x_wconf 83' lang='lat' dir='ltr'>viros</span> <span class='ocrx_word' id='word_1_88' title='bbox 1268 2087 1339 2146; x_wconf 80' lang='lat' dir='ltr'>orat</span> <span class='ocrx_word' id='word_1_89' title='bbox 1361 2087 1488 2160; x_wconf 80' lang='lat' dir='ltr'>ignotos</span> <span class='ocrx_word' id='word_1_90' title='bbox 1512 2088 1545 2146; x_wconf 83' lang='lat' dir='ltr'><strong><em>et</em></strong></span> 
     </span>
     <span class='ocr_line' id='line_1_18' title="bbox 276 2199 1545 2274; baseline 0.001 -17"><span class='ocrx_word' id='word_1_91' title='bbox 276 2214 351 2258; x_wconf 81' lang='lat' dir='ltr'><strong><em>oum</em></strong></span> <span class='ocrx_word' id='word_1_92' title='bbox 376 2200 415 2258; x_wconf 87' lang='lat' dir='ltr'><strong><em>ad</em></strong></span> <span class='ocrx_word' id='word_1_93' title='bbox 439 2200 541 2274; x_wconf 76' lang='lat' dir='ltr'>patris</span> <span class='ocrx_word' id='word_1_94' title='bbox 560 2201 700 2261; x_wconf 83' lang='lat' dir='ltr'>salutem</span> <span class='ocrx_word' id='word_1_95' title='bbox 726 2201 955 2274; x_wconf 83' lang='lat' dir='ltr'>misericordia,</span> <span class='ocrx_word' id='word_1_96' title='bbox 981 2215 1077 2273; x_wconf 88' lang='lat' dir='ltr'>quarn</span> <span class='ocrx_word' id='word_1_97' title='bbox 1102 2200 1172 2272; x_wconf 82' lang='lat' dir='ltr'>ipsa</span> <span class='ocrx_word' id='word_1_98' title='bbox 1195 2201 1315 2274; x_wconf 84' lang='lat' dir='ltr'>movet,</span> <span class='ocrx_word' id='word_1_99' title='bbox 1340 2199 1389 2259; x_wconf 78' lang='lat' dir='ltr'><strong><em>uti</em></strong></span> <span class='ocrx_word' id='word_1_100' title='bbox 1411 2201 1545 2259; x_wconf 83' lang='lat' dir='ltr'>conatur</span> 
     </span>
     <span class='ocr_line' id='line_1_19' title="bbox 276 2312 1544 2388; baseline -0.001 -17"><span class='ocrx_word' id='word_1_101' title='bbox 276 2314 309 2372; x_wconf 78' lang='lat' dir='ltr'><strong><em>et</em></strong></span> <span class='ocrx_word' id='word_1_102' title='bbox 340 2328 414 2372; x_wconf 86' lang='lat' dir='ltr'>curn</span> <span class='ocrx_word' id='word_1_103' title='bbox 447 2315 579 2373; x_wconf 84' lang='lat' dir='ltr'>deorum</span> <span class='ocrx_word' id='word_1_104' title='bbox 602 2315 754 2388; x_wconf 81' lang='lat' dir='ltr'>implorat</span> <span class='ocrx_word' id='word_1_105' title='bbox 778 2315 948 2388; x_wconf 79' lang='lat' dir='ltr'>auxilium,</span> <span class='ocrx_word' id='word_1_106' title='bbox 972 2314 1065 2373; x_wconf 84' lang='lat' dir='ltr'>nobis</span> <span class='ocrx_word' id='word_1_107' title='bbox 1087 2313 1274 2386; x_wconf 81' lang='lat' dir='ltr'>proponitur</span> <span class='ocrx_word' id='word_1_108' title='bbox 1297 2313 1389 2384; x_wconf 86' lang='lat' dir='ltr'>quasi</span> <span class='ocrx_word' id='word_1_109' title='bbox 1414 2312 1544 2372; x_wconf 83' lang='lat' dir='ltr'>virtutis</span> 
     </span>
     <span class='ocr_line' id='line_1_20' title="bbox 277 2427 1543 2502; baseline 0 -18"><span class='ocrx_word' id='word_1_110' title='bbox 277 2427 451 2499; x_wconf 83' lang='lat' dir='ltr'>exemplar.</span> <span class='ocrx_word' id='word_1_111' title='bbox 484 2427 564 2488; x_wconf 86' lang='lat' dir='ltr'>Ecce</span> <span class='ocrx_word' id='word_1_112' title='bbox 596 2429 693 2488; x_wconf 87' lang='lat' dir='ltr'>verba</span> <span class='ocrx_word' id='word_1_113' title='bbox 725 2444 766 2488; x_wconf 83' lang='lat' dir='ltr'><strong><em>ex</em></strong></span> <span class='ocrx_word' id='word_1_114' title='bbox 797 2429 864 2488; x_wconf 88' lang='lat' dir='ltr'><strong><em>ima</em></strong></span> <span class='ocrx_word' id='word_1_115' title='bbox 888 2429 1001 2501; x_wconf 69' lang='lat' dir='ltr'>portae</span> <span class='ocrx_word' id='word_1_116' title='bbox 1025 2428 1144 2502; x_wconf 83' lang='lat' dir='ltr'><strong>mente,</strong></span> <span class='ocrx_word' id='word_1_117' title='bbox 1170 2427 1223 2485; x_wconf 88' lang='lat' dir='ltr'><strong><em>ubi</em></strong></span> <span class='ocrx_word' id='word_1_118' title='bbox 1250 2427 1357 2500; x_wconf 86' lang='lat' dir='ltr'>ipsum</span> <span class='ocrx_word' id='word_1_119' title='bbox 1382 2427 1543 2501; x_wconf 78' lang='lat' dir='ltr'>audimuS,</span> 
     </span>
     <span class='ocr_line' id='line_1_21' title="bbox 276 2539 1543 2614; baseline 0.002 -18"><span class='ocrx_word' id='word_1_120' title='bbox 276 2539 383 2612; x_wconf 84' lang='lat' dir='ltr'>ipsum</span> <span class='ocrx_word' id='word_1_121' title='bbox 425 2541 595 2601; x_wconf 78' lang='lat' dir='ltr'>sentimus,</span> <span class='ocrx_word' id='word_1_122' title='bbox 639 2543 699 2600; x_wconf 86' lang='lat' dir='ltr'><strong><em>Per</em></strong></span> <span class='ocrx_word' id='word_1_123' title='bbox 734 2543 838 2601; x_wconf 74' lang='lat' dir='ltr'>totam</span> <span class='ocrx_word' id='word_1_124' title='bbox 874 2541 1075 2614; x_wconf 81' lang='lat' dir='ltr'>tragoediam</span> <span class='ocrx_word' id='word_1_125' title='bbox 1110 2541 1248 2600; x_wconf 83' lang='lat' dir='ltr'>eundem</span> <span class='ocrx_word' id='word_1_126' title='bbox 1285 2539 1385 2599; x_wconf 88' lang='lat' dir='ltr'>animi</span> <span class='ocrx_word' id='word_1_127' title='bbox 1420 2541 1543 2600; x_wconf 83' lang='lat' dir='ltr'>statum</span> 
     </span>
     <span class='ocr_line' id='line_1_22' title="bbox 275 2652 1542 2729; baseline 0.002 -19"><span class='ocrx_word' id='word_1_128' title='bbox 275 2652 438 2725; x_wconf 84' lang='lat' dir='ltr'>Antigona</span> <span class='ocrx_word' id='word_1_129' title='bbox 472 2655 628 2729; x_wconf 83' lang='lat' dir='ltr'>ostendit;</span> <span class='ocrx_word' id='word_1_130' title='bbox 664 2658 755 2728; x_wconf 80' lang='lat' dir='ltr'>patre</span> <span class='ocrx_word' id='word_1_131' title='bbox 797 2655 869 2714; x_wconf 87' lang='lat' dir='ltr'>vivo</span> <span class='ocrx_word' id='word_1_132' title='bbox 903 2655 948 2713; x_wconf 91' lang='lat' dir='ltr'><strong><em>nil</em></strong></span> <span class='ocrx_word' id='word_1_133' title='bbox 986 2654 1049 2713; x_wconf 88' lang='lat' dir='ltr'>nisi</span> <span class='ocrx_word' id='word_1_134' title='bbox 1088 2655 1214 2727; x_wconf 81' lang='lat' dir='ltr'>patrem</span> <span class='ocrx_word' id='word_1_135' title='bbox 1253 2655 1361 2712; x_wconf 79' lang='lat' dir='ltr'>curat:</span> <span class='ocrx_word' id='word_1_136' title='bbox 1394 2656 1452 2722; x_wconf 77' lang='lat' dir='ltr'>(vo.</span> <span class='ocrx_word' id='word_1_137' title='bbox 1480 2654 1542 2712; x_wconf 83' lang='lat'><strong><em>347</em></strong></span> 
     </span>
     <span class='ocr_line' id='line_1_23' title="bbox 276 2763 436 2844; baseline 0 -21"><span class='ocrx_word' id='word_1_138' title='bbox 276 2763 436 2844; x_wconf 78' lang='grc' dir='ltr'><strong><em>Ἀντιγόνη)</em></strong></span> 
     </span>
    </p>

    <p class='ocr_par' dir='ltr' id='par_1_10' title="bbox 584 2876 1291 3527">
     <span class='ocr_line' id='line_1_24' title="bbox 587 2876 1207 2960; baseline -0.003 -20"><span class='ocrx_word' id='word_1_139' title='bbox 587 2878 632 2940; x_wconf 83' lang='grc' dir='ltr'><strong><em>ἀεί</em></strong></span> <span class='ocrx_word' id='word_1_140' title='bbox 655 2876 719 2957; x_wconf 76' lang='grc' dir='ltr'><strong><em>μεθ’</em></strong></span> <span class='ocrx_word' id='word_1_141' title='bbox 745 2877 831 2959; x_wconf 77' lang='grc' dir='ltr'><strong><em>ἡμῶν</em></strong></span> <span class='ocrx_word' id='word_1_142' title='bbox 855 2881 1002 2960; x_wconf 81' lang='grc' dir='ltr'><strong><em>δύσμορος</em></strong></span> <span class='ocrx_word' id='word_1_143' title='bbox 1029 2876 1207 2957; x_wconf 80' lang='grc' dir='ltr'><strong><em>πλανωμένη</em></strong></span> 
     </span>
     <span class='ocr_line' id='line_1_25' title="bbox 585 2987 1213 3074; baseline -0.005 -20"><span class='ocrx_word' id='word_1_144' title='bbox 585 2999 805 3074; x_wconf 83' lang='grc' dir='ltr'><strong><em>γερονταγωγεῐ,</em></strong></span> <span class='ocrx_word' id='word_1_145' title='bbox 827 2992 921 3054; x_wconf 81' lang='grc' dir='ltr'><strong><em>πολλὰ</em></strong></span> <span class='ocrx_word' id='word_1_146' title='bbox 945 2989 999 3070; x_wconf 79' lang='grc' dir='ltr'><strong><em>μέν</em></strong></span> <span class='ocrx_word' id='word_1_147' title='bbox 1021 2987 1080 3052; x_wconf 89' lang='grc' dir='ltr'><strong><em>κατ’</em></strong></span> <span class='ocrx_word' id='word_1_148' title='bbox 1106 2990 1213 3073; x_wconf 75' lang='grc' dir='ltr'><strong><em>ἀγρίαν</em></strong></span> 
     </span>
     <span class='ocr_line' id='line_1_26' title="bbox 584 3101 1153 3186; baseline -0.002 -19"><span class='ocrx_word' id='word_1_149' title='bbox 584 3107 660 3186; x_wconf 83' lang='grc' dir='ltr'><strong><em>ύλην</em></strong></span> <span class='ocrx_word' id='word_1_150' title='bbox 683 3105 782 3180; x_wconf 86' lang='grc' dir='ltr'><strong><em>ἄσιτος</em></strong></span> <span class='ocrx_word' id='word_1_151' title='bbox 804 3108 948 3185; x_wconf 87' lang='grc' dir='ltr'><strong><em>νηλίιτονς</em></strong></span> <span class='ocrx_word' id='word_1_152' title='bbox 972 3101 991 3166; x_wconf 89' lang='grc' dir='ltr'><strong><em>τ’</em></strong></span> <span class='ocrx_word' id='word_1_153' title='bbox 1018 3103 1153 3184; x_wconf 79' lang='grc' dir='ltr'><strong><em>ἀλωμένη</em></strong></span> 
     </span>
     <span class='ocr_line' id='line_1_27' title="bbox 586 3217 1258 3301; baseline -0.001 -20"><span class='ocrx_word' id='word_1_154' title='bbox 586 3226 719 3282; x_wconf 79' lang='grc' dir='ltr'><strong><em>πολλοῖσι</em></strong></span> <span class='ocrx_word' id='word_1_155' title='bbox 742 3217 772 3280; x_wconf 88' lang='grc' dir='ltr'><strong><em>δ’</em></strong></span> <span class='ocrx_word' id='word_1_156' title='bbox 800 3219 923 3301; x_wconf 83' lang='grc' dir='ltr'><strong><em>ὄμβροις</em></strong></span> <span class='ocrx_word' id='word_1_157' title='bbox 946 3217 1032 3298; x_wconf 75' lang='grc' dir='ltr'><strong><em>ἡλίου</em></strong></span> <span class='ocrx_word' id='word_1_158' title='bbox 1055 3240 1084 3281; x_wconf 90' lang='grc' dir='ltr'><strong><em>τε</em></strong></span> <span class='ocrx_word' id='word_1_159' title='bbox 1107 3221 1258 3296; x_wconf 85' lang='grc' dir='ltr'><strong><em>καύμασιν</em></strong></span> 
     </span>
     <span class='ocr_line' id='line_1_28' title="bbox 586 3329 1291 3415; baseline -0.003 -20"><span class='ocrx_word' id='word_1_160' title='bbox 586 3340 741 3413; x_wconf 82' lang='grc' dir='ltr'><strong><em>μοχθούσα</em></strong></span> <span class='ocrx_word' id='word_1_161' title='bbox 765 3335 893 3413; x_wconf 80' lang='grc' dir='ltr'><strong><em>τλήμων,</em></strong></span> <span class='ocrx_word' id='word_1_162' title='bbox 916 3329 1022 3415; x_wconf 84' lang='grc' dir='ltr'><strong><em>δεύτερ’</em></strong></span> <span class='ocrx_word' id='word_1_163' title='bbox 1048 3330 1160 3413; x_wconf 76' lang='grc' dir='ltr'><strong><em>ἡγεῖται</em></strong></span> <span class='ocrx_word' id='word_1_164' title='bbox 1182 3331 1218 3393; x_wconf 89' lang='grc' dir='ltr'><strong><em>τά</em></strong></span> <span class='ocrx_word' id='word_1_165' title='bbox 1240 3343 1291 3412; x_wconf 79' lang='grc' dir='ltr'><strong><em>τῆς</em></strong></span> 
     </span>
     <span class='ocr_line' id='line_1_29' title="bbox 585 3445 1205 3527; baseline -0.003 -19"><span class='ocrx_word' id='word_1_166' title='bbox 585 3447 661 3508; x_wconf 86' lang='grc' dir='ltr'><strong><em>οἴκοι</em></strong></span> <span class='ocrx_word' id='word_1_167' title='bbox 684 3447 808 3526; x_wconf 86' lang='grc' dir='ltr'><strong><em>διαίτης,</em></strong></span> <span class='ocrx_word' id='word_1_168' title='bbox 830 3448 857 3508; x_wconf 88' lang='grc' dir='ltr'><strong><em>εί</em></strong></span> <span class='ocrx_word' id='word_1_169' title='bbox 879 3445 975 3527; x_wconf 74' lang='grc' dir='ltr'><strong><em>πατὴρ</em></strong></span> <span class='ocrx_word' id='word_1_170' title='bbox 998 3446 1115 3526; x_wconf 76' lang='grc' dir='ltr'><strong><em>τροφὴν</em></strong></span> <span class='ocrx_word' id='word_1_171' title='bbox 1138 3445 1205 3525; x_wconf 81' lang='grc' dir='ltr'><strong><em>έχοι.</em></strong></span> 
     </span>
    </p>

    <p class='ocr_par' dir='ltr' id='par_1_11' title="bbox 274 3563 1544 3750">
     <span class='ocr_line' id='line_1_30' title="bbox 318 3563 1544 3638; baseline -0.001 -17"><span class='ocrx_word' id='word_1_172' title='bbox 318 3563 378 3622; x_wconf 87' lang='lat' dir='ltr'>Ilio</span> <span class='ocrx_word' id='word_1_173' title='bbox 409 3564 536 3622; x_wconf 79' lang='lat' dir='ltr'>mortuo</span> <span class='ocrx_word' id='word_1_174' title='bbox 567 3563 605 3622; x_wconf 85' lang='lat' dir='ltr'><strong><em>do</em></strong></span> <span class='ocrx_word' id='word_1_175' title='bbox 637 3578 673 3622; x_wconf 82' lang='lat' dir='ltr'><strong><em>so</em></strong></span> <span class='ocrx_word' id='word_1_176' title='bbox 705 3563 801 3637; x_wconf 86' lang='lat' dir='ltr'>nihii;</span> <span class='ocrx_word' id='word_1_177' title='bbox 833 3564 964 3622; x_wconf 84' lang='lat' dir='ltr'>tantum</span> <span class='ocrx_word' id='word_1_178' title='bbox 995 3564 1033 3623; x_wconf 86' lang='lat' dir='ltr'><strong><em>de</em></strong></span> <span class='ocrx_word' id='word_1_179' title='bbox 1064 3565 1197 3636; x_wconf 85' lang='lat' dir='ltr'>parente</span> <span class='ocrx_word' id='word_1_180' title='bbox 1228 3577 1332 3638; x_wconf 83' lang='lat' dir='ltr'>caeco,</span> <span class='ocrx_word' id='word_1_181' title='bbox 1361 3577 1457 3635; x_wconf 88' lang='lat' dir='ltr'>quem</span> <span class='ocrx_word' id='word_1_182' title='bbox 1481 3577 1544 3621; x_wconf 89' lang='lat' dir='ltr'><strong><em>non</em></strong></span> 
     </span>
     <span class='ocr_line' id='line_1_31' title="bbox 274 3672 1311 3750; baseline 0.001 -15"><span class='ocrx_word' id='word_1_183' title='bbox 274 3675 341 3735; x_wconf 89' lang='lat' dir='ltr'><strong><em>iam</em></strong></span> <span class='ocrx_word' id='word_1_184' title='bbox 365 3692 477 3736; x_wconf 87' lang='lat' dir='ltr'>curare</span> <span class='ocrx_word' id='word_1_185' title='bbox 500 3690 562 3735; x_wconf 89' lang='lat' dir='ltr'><strong><em>non</em></strong></span> <span class='ocrx_word' id='word_1_186' title='bbox 587 3677 654 3736; x_wconf 88' lang='lat' dir='ltr'><strong><em>iam</em></strong></span> <span class='ocrx_word' id='word_1_187' title='bbox 678 3676 781 3736; x_wconf 82' lang='lat' dir='ltr'>colere</span> <span class='ocrx_word' id='word_1_188' title='bbox 804 3677 931 3750; x_wconf 83' lang='lat' dir='ltr'>poterit.</span> <span class='ocrx_word' id='word_1_189' title='bbox 1310 3672 1311 3676; x_wconf 71' lang='grc'>’</span> 
     </span>
    </p>

    <p class='ocr_par' dir='ltr' id='par_1_12' title="bbox 320 3779 1194 3867">
     <span class='ocr_line' id='line_1_32' title="bbox 320 3779 1194 3867; baseline -0.001 -19"><span class='ocrx_word' id='word_1_190' title='bbox 320 3805 368 3850; x_wconf 77' lang='lat' dir='ltr'><strong><em>vs,</em></strong></span> <span class='ocrx_word' id='word_1_191' title='bbox 395 3790 496 3850; x_wconf 78' lang='lat'>1697:</span> <span class='ocrx_word' id='word_1_192' title='bbox 625 3787 723 3860; x_wconf 82' lang='grc' dir='ltr'><strong><em>πόθος</em></strong></span> <span class='ocrx_word' id='word_1_193' title='bbox 746 3810 790 3848; x_wconf 91' lang='grc' dir='ltr'><strong><em>τοι</em></strong></span> <span class='ocrx_word' id='word_1_194' title='bbox 812 3785 863 3847; x_wconf 80' lang='grc' dir='ltr'><strong><em>καὶ</em></strong></span> <span class='ocrx_word' id='word_1_195' title='bbox 885 3797 986 3848; x_wconf 86' lang='grc' dir='ltr'><strong><em>κακῶν</em></strong></span> <span class='ocrx_word' id='word_1_196' title='bbox 1009 3783 1052 3867; x_wconf 85' lang='grc' dir='ltr'><strong><em>ἄρ’</em></strong></span> <span class='ocrx_word' id='word_1_197' title='bbox 1079 3779 1118 3866; x_wconf 73' lang='grc' dir='ltr'><strong><em>ἧν</em></strong></span> <span class='ocrx_word' id='word_1_198' title='bbox 1141 3803 1194 3862; x_wconf 69' lang='grc' dir='ltr'><strong><em>τις,</em></strong></span> 
     </span>
    </p>

    <p class='ocr_par' dir='ltr' id='par_1_13' title="bbox 628 3898 1295 4093">
     <span class='ocr_line' id='line_1_33' title="bbox 628 3898 1295 3981; baseline 0 -21"><span class='ocrx_word' id='word_1_199' title='bbox 628 3898 756 3981; x_wconf 79' lang='grc' dir='ltr'><strong><em>καὶγὰρ</em></strong></span> <span class='ocrx_word' id='word_1_200' title='bbox 781 3898 797 3960; x_wconf 80' lang='grc' dir='ltr'>ὃ</span> <span class='ocrx_word' id='word_1_201' title='bbox 821 3898 944 3979; x_wconf 88' lang='grc' dir='ltr'><strong><em>μηδαμά</em></strong></span> <span class='ocrx_word' id='word_1_202' title='bbox 968 3899 1006 3978; x_wconf 77' lang='grc' dir='ltr'><strong><em>δη</em></strong></span> <span class='ocrx_word' id='word_1_203' title='bbox 1029 3899 1061 3960; x_wconf 89' lang='grc' dir='ltr'><strong><em>τὸ</em></strong></span> <span class='ocrx_word' id='word_1_204' title='bbox 1086 3900 1175 3977; x_wconf 81' lang='grc' dir='ltr'><strong><em>φίλον</em></strong></span> <span class='ocrx_word' id='word_1_205' title='bbox 1198 3901 1295 3977; x_wconf 92' lang='grc' dir='ltr'><strong><em>φίλον.</em></strong></span> 
     </span>
     <span class='ocr_line' id='line_1_34' title="bbox 628 4011 1258 4093; baseline 0.002 -19"><span class='ocrx_word' id='word_1_206' title='bbox 628 4011 714 4074; x_wconf 82' lang='grc' dir='ltr'><strong><em>ὁκότε</em></strong></span> <span class='ocrx_word' id='word_1_207' title='bbox 737 4035 769 4093; x_wconf 86' lang='grc' dir='ltr'><strong><em>γε</em></strong></span> <span class='ocrx_word' id='word_1_208' title='bbox 791 4012 842 4073; x_wconf 87' lang='grc' dir='ltr'><strong><em>καλ</em></strong></span> <span class='ocrx_word' id='word_1_209' title='bbox 865 4011 917 4074; x_wconf 84' lang='grc' dir='ltr'><strong><em>τὸν</em></strong></span> <span class='ocrx_word' id='word_1_210' title='bbox 941 4011 973 4073; x_wconf 81' lang='grc' dir='ltr'><strong><em>ἕν</em></strong></span> <span class='ocrx_word' id='word_1_211' title='bbox 997 4019 1093 4092; x_wconf 80' lang='grc' dir='ltr'><strong><em>χεροῖν</em></strong></span> <span class='ocrx_word' id='word_1_212' title='bbox 1117 4019 1258 4093; x_wconf 89' lang='grc' dir='ltr'><strong><em>κατεῖχον.</em></strong></span> 
     </span>
    </p>

    <p class='ocr_par' dir='ltr' id='par_1_14' title="bbox 273 4128 1543 4430">
     <span class='ocr_line' id='line_1_35' title="bbox 318 4128 1542 4202; baseline 0.002 -14"><span class='ocrx_word' id='word_1_213' title='bbox 318 4130 422 4202; x_wconf 82' lang='lat' dir='ltr'>Ergo</span> <span class='ocrx_word' id='word_1_214' title='bbox 454 4130 583 4188; x_wconf 83' lang='lat' dir='ltr'>otiam</span> <span class='ocrx_word' id='word_1_215' title='bbox 615 4128 725 4188; x_wconf 90' lang='lat' dir='ltr'>mala</span> <span class='ocrx_word' id='word_1_216' title='bbox 756 4129 932 4200; x_wconf 88' lang='lat' dir='ltr'>quodam</span> <span class='ocrx_word' id='word_1_217' title='bbox 964 4129 1081 4188; x_wconf 91' lang='lat' dir='ltr'>modo</span> <span class='ocrx_word' id='word_1_218' title='bbox 1112 4130 1273 4202; x_wconf 86' lang='lat' dir='ltr'>aliquis</span> <span class='ocrx_word' id='word_1_219' title='bbox 1307 4129 1542 4190; x_wconf 83' lang='lat' dir='ltr'>desiderati</span> 
     </span>
     <span class='ocr_line' id='line_1_36' title="bbox 274 4242 1543 4318; baseline 0.002 -16"><span class='ocrx_word' id='word_1_220' title='bbox 274 4243 372 4302; x_wconf 87' lang='lat' dir='ltr'><strong><em>Nam</em></strong></span> <span class='ocrx_word' id='word_1_221' title='bbox 404 4243 493 4302; x_wconf 85' lang='lat' dir='ltr'>vita</span> <span class='ocrx_word' id='word_1_222' title='bbox 522 4244 672 4302; x_wconf 84' lang='lat' dir='ltr'>nostra</span> <span class='ocrx_word' id='word_1_223' title='bbox 704 4243 937 4302; x_wconf 84' lang='lat' dir='ltr'>durissima</span> <span class='ocrx_word' id='word_1_224' title='bbox 966 4242 1069 4302; x_wconf 90' lang='lat' dir='ltr'>mihi</span> <span class='ocrx_word' id='word_1_225' title='bbox 1092 4244 1214 4316; x_wconf 84' lang='lat' dir='ltr'>grata</span> <span class='ocrx_word' id='word_1_226' title='bbox 1238 4246 1346 4318; x_wconf 78' lang='lat' dir='ltr'>orat,</span> <span class='ocrx_word' id='word_1_227' title='bbox 1371 4246 1543 4318; x_wconf 88' lang='lat' dir='ltr'>quando·</span> 
     </span>
     <span class='ocr_line' id='line_1_37' title="bbox 273 4357 1025 4430; baseline 0.004 -16"><span class='ocrx_word' id='word_1_228' title='bbox 273 4357 439 4429; x_wconf 85' lang='lat' dir='ltr'>quidem</span> <span class='ocrx_word' id='word_1_229' title='bbox 463 4359 627 4430; x_wconf 83' lang='lat' dir='ltr'>patrem</span> <span class='ocrx_word' id='word_1_230' title='bbox 651 4357 798 4416; x_wconf 84' lang='lat' dir='ltr'>fovere</span> <span class='ocrx_word' id='word_1_231' title='bbox 824 4358 1025 4429; x_wconf 85' lang='lat' dir='ltr'>poteram.</span> 
     </span>
    </p>

    <p class='ocr_par' dir='ltr' id='par_1_15' title="bbox 274 4470 1549 4659">
     <span class='ocr_line' id='line_1_38' title="bbox 317 4470 1547 4545; baseline 0.002 -16"><span class='ocrx_word' id='word_1_232' title='bbox 317 4471 362 4530; x_wconf 82' lang='lat' dir='ltr'><strong><em>At</em></strong></span> <span class='ocrx_word' id='word_1_233' title='bbox 389 4472 524 4544; x_wconf 80' lang='lat' dir='ltr'>posthac</span> <span class='ocrx_word' id='word_1_234' title='bbox 551 4472 676 4543; x_wconf 82' lang='lat' dir='ltr'>patrem</span> <span class='ocrx_word' id='word_1_235' title='bbox 713 4470 867 4530; x_wconf 86' lang='lat' dir='ltr'>adiuvare</span> <span class='ocrx_word' id='word_1_236' title='bbox 898 4485 961 4529; x_wconf 89' lang='lat' dir='ltr'><strong><em>non</em></strong></span> <span class='ocrx_word' id='word_1_237' title='bbox 987 4471 1121 4545; x_wconf 56' lang='lat' dir='ltr'>poterin</span> <span class='ocrx_word' id='word_1_238' title='bbox 1157 4471 1340 4545; x_wconf 84' lang='lat' dir='ltr'>sepulcrum</span> <span class='ocrx_word' id='word_1_239' title='bbox 1369 4487 1445 4532; x_wconf 88' lang='lat' dir='ltr'>voro</span> <span class='ocrx_word' id='word_1_240' title='bbox 1477 4472 1547 4532; x_wconf 84' lang='lat' dir='ltr'>eius</span> 
     </span>
     <span class='ocr_line' id='line_1_39' title="bbox 274 4582 1549 4659; baseline 0.002 -17"><span class='ocrx_word' id='word_1_241' title='bbox 274 4584 399 4643; x_wconf 82' lang='lat' dir='ltr'>utinam</span> <span class='ocrx_word' id='word_1_242' title='bbox 432 4586 536 4643; x_wconf 83' lang='lat' dir='ltr'>visere</span> <span class='ocrx_word' id='word_1_243' title='bbox 568 4587 601 4642; x_wconf 83' lang='lat' dir='ltr'><strong><em>et</em></strong></span> <span class='ocrx_word' id='word_1_244' title='bbox 633 4583 736 4642; x_wconf 79' lang='lat' dir='ltr'>colore</span> <span class='ocrx_word' id='word_1_245' title='bbox 768 4583 812 4642; x_wconf 83' lang='lat' dir='ltr'><strong><em>sit</em></strong></span> <span class='ocrx_word' id='word_1_246' title='bbox 838 4582 981 4658; x_wconf 83' lang='lat' dir='ltr'>licitum;</span> <span class='ocrx_word' id='word_1_247' title='bbox 1007 4583 1103 4644; x_wconf 83' lang='lat' dir='ltr'>liuere</span> <span class='ocrx_word' id='word_1_248' title='bbox 1127 4582 1274 4645; x_wconf 83' lang='lat' dir='ltr'>Theseus</span> <span class='ocrx_word' id='word_1_249' title='bbox 1296 4587 1411 4659; x_wconf 80' lang='lat' dir='ltr'>negat;</span> <span class='ocrx_word' id='word_1_250' title='bbox 1435 4601 1549 4645; x_wconf 83' lang='lat' dir='ltr'>rursus</span> 
     </span>
    </p>
   </div>
   <div class='ocr_carea' id='block_1_6' title="bbox 0 0 1772 5068">
    <p class='ocr_par' dir='ltr' id='par_1_16' title="bbox 0 0 1772 5068">
     <span class='ocr_line' id='line_1_40' title="bbox 0 0 1772 5068; baseline 0 0"><span class='ocrx_word' id='word_1_251' title='bbox 0 0 1772 5068; x_wconf 95' lang='lat' dir='ltr'><strong><em> </em></strong></span> 
     </span>
    </p>
   </div>
  </div>
 </body>
</html>
