3536 5068
889 237 933 300 30

267 403 308 464 Et
333 402 406 476 quis
436 403 609 464 contendat
636 401 849 464 Philoctetem
880 407 1016 476 aposta
1044 418 1108 463 non
1131 404 1283 464 diuturna
1307 403 1484 464 solitudine
1509 404 1543 464 et

268 519 337 578 vita
359 517 481 577 misera
505 515 677 576 efferatum
700 513 805 590 fingi?

312 630 433 691 Verum
454 630 544 690 nulla
564 631 615 690 est
635 644 743 703 causa,
765 644 821 689 cur
840 629 984 689 similem
1005 630 1044 689 de
1065 629 1224 704 Oedipode
1245 630 1424 690 habeamus
1445 631 1541 704 opini-

267 762 373 807 onem.
409 746 554 805 Prudens
590 745 641 804 est
674 746 707 803 et
736 743 872 803 anxius:
904 758 967 802 non
1000 745 1051 803 est
1081 744 1164 816 quod
1197 745 1369 818 miremur;
1406 744 1541 804 exilium

243 860 416 934 longique
450 874 575 919 errores
610 859 676 917 iam
707 857 761 917 diu
792 857 824 917 id
857 871 933 916 eum
964 853 1076 917 docere
1110 859 1284 931 potuerunt
1307 874 1411 931 neque
1436 859 1542 932 magis

267 973 356 1033 heroi
377 973 497 1047 gloriae
521 987 618 1044 quam
643 970 791 1030 mendico
815 970 985 1030 commodo
1011 971 1071 1030 est.
1098 971 1234 1031 Gratum
1259 987 1294 1032 se
1314 973 1445 1046 praebet
1466 988 1542 1046 erga

268 1085 351 1146 filias
381 1101 499 1158 easque
532 1085 741 1144 vehementer
770 1083 861 1142 amat
893 1084 926 1142 et
956 1082 1182 1155 pulcherrimis
1214 1085 1321 1144 verbis
1352 1085 1386 1144 in
1413 1085 1541 1146 fabulae

268 1199 369 1276 exitu,
392 1200 447 1259 ubi
470 1213 526 1259 eas
550 1197 658 1258 valere
680 1197 779 1274 iubet,
805 1199 896 1273 pium
920 1197 1074 1270 patefacit
1104 1212 1250 1259 amorem
1277 1199 1539 1269 (1613-1618):

913 1305 1030 1370 κούκέτι

511 1423 565 1502 τὴν
589 1421 777 1500 δυσπόνητον
800 1417 865 1495 ἕξετ’
893 1417 964 1500 ἄμφ’
992 1419 1057 1500 ἐμοὶ
1080 1423 1204 1501 τροφήν·

517 1534 646 1617 σκληρὰν
670 1533 735 1614 μέν,
757 1528 834 1612 οἶδα,
858 1535 970 1607 παῖδες·
995 1529 1053 1594 ἀλλ’
1076 1535 1112 1594 ςὲν
1135 1534 1191 1616 γὰρ
1215 1535 1309 1614 μόνον

513 1648 547 1709 τὰ
570 1649 667 1710 πάντα
690 1648 752 1708 λύει
776 1643 854 1707 ταῦτ’
881 1646 951 1720 ἔπος
974 1648 1161 1727 μοχθήματα.

514 1762 546 1824 τὸ
569 1762 624 1843 γὰρ
648 1767 745 1840 φιλεῖν
769 1760 825 1822 οὐκ
849 1760 927 1822 ἔστιν
950 1760 979 1835 ἐξ
1004 1761 1073 1823 ὅτου
1097 1761 1186 1824 πλέον

515 1874 536 1956 ἢ
558 1876 646 1943 τοῦδε
669 1873 795 1954 τάνδρὸς
819 1870 923 1953 ἐ’σχεθ’.
934 1921 940 1934 .
951 1921 974 1933 ..

515 1992 554 2052 cf.
582 1992 665 2052 1632
690 2006 770 2067 sqq„
798 1991 1239 2065 1099-1120‚324-334.

315 2107 376 2167 Sed
400 2108 479 2167 haec
505 2106 608 2165 virtus
632 2107 674 2165 et*
687 2105 888 2178 indulgentia
907 2105 984 2164 vitio
1004 2105 1051 2163 illi
1072 2107 1105 2164 et
1125 2105 1294 2191 acerbitati
1318 2123 1381 2167 non
1403 2110 1453 2168 est
1472 2123 1539 2184 par,

272 2223 389 2282 bonam
408 2221 525 2281 indolis
544 2223 670 2294 partem
691 2235 766 2279 cum
787 2219 874 2278 mala
897 2234 960 2278 non
983 2221 1100 2291 aequat
1124 2221 1228 2296 poeta,
1255 2236 1368 2281 verum
1393 2223 1540 2282 animum

271 2340 469 2411 trucem,·ut
488 2350 624 2408 persona
643 2331 701 2392 ilat
720 2332 852 2408 tragica,
873 2332 1074 2406 indulgentia
1093 2333 1268 2393 liberorum
1289 2335 1436 2396 admixta
1458 2337 1541 2396 miti·

272 2451 343 2524 gat;
370 2464 409 2509 ne
441 2448 554 2507 multis
586 2463 708 2507 morer:
741 2447 775 2506 in
805 2461 942 2521 persona
972 2447 1142 2521 Oedipodis
1169 2463 1261 2507 arnor
1285 2451 1318 2508 et
1342 2450 1543 2523 indulgentia

272 2577 334 2623 non
358 2562 481 2636 primas
505 2562 561 2620 sed
586 2561 745 2621 secundas
769 2561 870 2633 agunt
892 2563 1011 2634 partes.

316 2676 487 2736 Praeterea
518 2674 546 2733 si
576 2676 668 2748 pater
695 2672 788 2748 filiae,
813 2688 895 2746 quae
919 2689 994 2733 eum
1019 2688 1147 2747 semper
1170 2674 1296 2733 coluere
1321 2677 1353 2734 et
1377 2692 1541 2752 curavere,

273 2791 388 2864 quibus
420 2804 548 2862 semper
578 2789 620 2848 ad
651 2787 747 2849 vitae.
768 2789 981 2847 necessitates
1013 2787 1112 2862 eguit,
1146 2789 1255 2860 magni
1281 2789 1359 2848 iacit
1385 2791 1416 2850 et
1441 2792 1541 2866 amat,

273 2921 310 2964 eo
331 2920 394 2964 non
415 2904 562 2963 animum
584 2917 741 2974 magnum
762 2902 794 2960 et
815 2887 993 2976 excelsum,
1014 2901 1070 2960 sed
1084 2901 1280 2961 cotidianam
1300 2904 1332 2961 et
1345 2903 1542 2963 ordinariam

273 3017 427 3092 patefacit
450 3017 617 3092 virtutem,
643 3017 746 3089 quam
765 3016 948 3091 laudamus,
973 3015 1029 3076 sed
1053 3031 1117 3076 non
1141 3017 1351 3078 admiramur.

316 3131 480 3204 Numquid
499 3130 612 3190 aliud?
634 3163 673 3173 —
696 3129 852 3202 Equidem
868 3145 932 3190 non
952 3128 1054 3204 video,
1076 3144 1175 3202 quam
1196 3129 1295 3190 aliam
1312 3145 1414 3190 senex
1425 3131 1544 3192 habeat

273 3246 439 3320 virtutem,
468 3259 550 3317 quae
574 3244 825 3304 admirationem
851 3259 983 3304 movere
1010 3243 1123 3319 possit,
1148 3259 1251 3317 neque
1275 3245 1437 3322 intellege,
1463 3261 1544 3318 quas

274 3359 328 3420 alii
357 3359 392 3417 in
423 3373 460 3418 eo
492 3359 630 3418 virtutes
658 3357 930 3418 animadvertant.
963 3356 1054 3417 Unde
1084 3356 1288 3418 efficiendum
1312 3359 1392 3418 mihi
1417 3359 1544 3419 videtur

273 3488 337 3532 non
369 3472 557 3546 exemplum
589 3471 720 3532 virtutis
750 3472 862 3531 nostra
892 3471 926 3530 11
953 3470 1117 3543 tragoedia
1140 3471 1225 3547 poni,
1250 3473 1306 3532 sed
1331 3472 1437 3533 virum
1462 3489 1543 3533 mor·

274 3587 376 3647 talem
400 3586 544 3648 humana
566 3587 601 3645 in
624 3586 704 3647 vitia
727 3585 906 3658 delapsum.
