3536 5068
903 282 945 342 50

330 448 434 527 Quam
454 451 492 510 ob
513 463 648 509 causam
667 448 696 506 si
715 449 831 508 domus
851 447 1011 519 quaedam
1030 455 1066 530 τῇ
1086 442 1140 530 ἄτῃ
1161 447 1371 518 obnoxiaest,
1385 448 1556 509 Furiarum

284 579 404 624 numen
428 578 504 637 prae
528 561 644 623 ceteris
667 562 951 621 commemoratur.

327 679 364 737 In
396 677 500 751 capite
531 676 679 748 sequenti
710 675 933 735 demonstrare
960 675 1098 734 conabor
1120 674 1233 734 Furias
1257 675 1341 748 apud
1365 675 1554 749 Sophoclem

282 807 385 864 neque
420 806 548 864 semper
582 789 660 849 deas
695 788 879 847 animantes
914 786 1049 847 rationis
1085 790 1251 861 compotes
1286 785 1363 860 fingi
1396 803 1501 860 neque
1535 803 1554 848 a

284 904 421 965 mortuis
445 905 574 964 tantum
602 902 727 962 moveri
750 916 855 974 neque
874 897 1092 978 αὐτοκράτορας
1117 915 1251 960 munere
1271 914 1330 960 suo
1350 900 1450 976 iungi,
1470 915 1557 960 nunc

283 1034 358 1078 vero
388 1017 533 1090 singulos
563 1015 716 1087 Aeschyli
748 1015 931 1074 fabularum
955 1014 1166 1088 inspiciamus
1191 1013 1288 1089 16666,
1313 1016 1350 1073 111
1374 1015 1554 1091 videamus,

281 1147 322 1191 an
347 1147 422 1191 cum
445 1131 495 1205 ile,
521 1145 603 1202 quae
627 1129 704 1204 dixi,
729 1129 882 1202 pugnent.
1466 1117 1468 1120 ’

326 1244 373 1304 lix
411 1243 528 1304 fabulis
567 1242 605 1302 de
640 1241 810 1316 Oedipodis
843 1243 939 1302 domo
974 1242 1145 1316 agentibus
1181 1257 1245 1302 una
1278 1244 1436 1318 superest,
1472 1257 1554 1315 quae

285 1359 472 1434 ,Septem
496 1358 705 1416 adversus
728 1355 913 1415 Thebas”
939 1356 1141 1428 inscribitur;
1166 1355 1223 1416 sed
1247 1371 1356 1431 exea,
1377 1356 1453 1429 quid
1473 1358 1553 1416 cete·

281 1488 390 1533 rarum
426 1472 522 1532 fuerit
557 1471 797 1544 argumentum,
833 1469 926 1529 facile
960 1469 1191 1542 intellegimus.
1228 1469 1326 1529 Laius
1360 1470 1553 1529 mandatum

280 1587 449 1660 Apollinis,
470 1585 524 1657 qui
544 1584 661 1645 liberos
680 1583 868 1656 progignere
890 1583 1004 1658 vetuit,
1024 1583 1182 1655 neglegit:
1204 1583 1277 1642 inde
1298 1582 1344 1658 fit,
1366 1584 1403 1642 ut
1415 1582 1555 1657 Oedipus

280 1703 407 1775 patrem
441 1699 534 1758 necet
568 1699 773 1769 matremque
808 1697 905 1756 ducat
936 1711 1071 1755 uxorem
1101 1697 1133 1756 et
1163 1698 1232 1756 tota
1264 1697 1362 1756 domo·
1389 1696 1555 1770 potiantur

281 1813 412 1886 Furiam
448 1805 467 1888 ῆ
502 1807 557 1887 iim
592 1811 632 1869 ad
667 1809 759 1869 nefas
790 1808 921 1884 pellicit,
952 1809 1044 1869 nefas
1076 1809 1190 1868 Furiae
1214 1809 1424 1869 ulciscuntur.
1449 1808 1553 1884 Quam

281 1941 437 1999 magnum
468 1926 501 1984 in
534 1924 656 1997 reliqua
680 1923 787 1983 fabula
811 1938 933 1982 numen
956 1923 1107 1982 Dirarum
1131 1922 1337 1984 describitur!
1363 1922 1477 1982 Furiae
1502 1923 1554 1982 vel

280 2040 376 2099 Furia
406 2044 494 2110 (nam
526 2039 621 2098 modo
644 2052 817 2096 numerum
841 2036 1010 2112 pluralem,
1036 2037 1131 2096 modo
1154 2017 1328 2096 numerum
1352 2037 1551 2110 singularem

280 2154 350 2212 sine
382 2153 446 2213 ullo
475 2152 660 2212 discrimine
693 2153 826 2224 usurpat
857 2153 962 2225 poeta,
996 2151 1034 2210 de
1067 2165 1129 2223 qua
1160 2165 1195 2209 16
1225 2165 1304 2210 mox
1335 2149 1447 2224 plura),
1468 2164 1551 2222 quae

279 2282 423 2326 amorem
454 2265 556 2340 patris
587 2264 786 2324 ab-Eteocle
817 2267 850 2323 61
881 2263 1031 2336 Polynice
1062 2263 1247 2336 neglectum
1279 2263 1455 2338 ulciscitur,
1487 2278 1552 2322 una

280 2380 407 2452 utrique
438 2378 503 2438 filio
534 2378 650 2441 mortis
681 2392 779 2437 causa
811 2379 871 2437 est.
902 2377 976 2436 Iure
1007 2376 1107 2450 igitur
1138 2377 1171 2437 in
1199 2377 1289 2437 exitu
1312 2376 1440 2436 fabulae
1464 2376 1551 2437 canit

280 2494 479 2562 6116166116.
506 2493 620 2562 total:

681 2612 739 2682 φεῦ
764 2612 822 2679 φεῦ

635 2710 658 2778 ὦ
681 2717 859 2797 μεγάλαυχοι
882 2713 932 2776 καὶ
956 2719 1161 2796 φθερσιγενεῖς

635 2834 732 2911 Κῆρες
751 2825 896 2908 Ἐρινύες,
919 2824 971 2889 αἴτ’
1000 2828 1148 2889 Οἰδιπόδα

635 2941 720 3024 γένος
744 2941 867 3004 ὠλέσατε
889 2941 1066 3023 πρυμνόθεν
1092 2942 1195 3018 οὕτως,

637 3058 666 3117 τί
686 3059 794 3131 nullm
818 3057 847 3117 τί
868 3054 900 3118 δὲ
925 3058 1002 3137 ὃρῶς
1029 3054 1084 3116 κτέ.

278 3178 312 3236 61
333 3175 441 3250 paullo
464 3176 539 3234 ante
563 3176 623 3243 (vs,
649 3173 742 3243 98911

591 3279 699 3363 μέλαιν’
722 3280 852 3363 Ἐρινύς,
874 3276 892 3362 ῆ
916 3281 1102 3364 μεγασθενής
1125 3305 1167 3354 τις
1189 3274 1225 3343 εί.

280 3405 313 3463 61
335 3417 384 3462 νε.
409 3403 492 3462 886:

592 3512 683 3592 κοίρτα
708 3507 735 3572 δ’
763 3510 863 3589 ἀληθῆ
888 3508 998 3589 πατρὸς
1025 3507 1172 3568 Οἰδιπόδα

591 3621 682 3687 πότνι’
707 3620 825 3705 Ἐρινὺς
850 3621 1018 3703 ἐπέκρανεν.

323 3747 396 3804 Iure
420 3744 496 3803 ante
520 3742 651 3802 caedem
675 3739 862 3815 perfectam,
890 3753 930 3797 ne
954 3736 1029 3810 quid
1057 3735 1171 3795 Furiae
1196 3734 1381 3794 detrimenti
1401 3735 1548 3810 afferant,

278 3860 374 3919 timet
398 3862 456 3928 (vs.
483 3857 546 3916 720
570 3858 667 3929 sqql:

702 3964 832 4046 πέφρικα
855 3963 909 4024 τὰν
933 3960 1101 4024 ὠλεσίοικον

702 4079 777 4140 θεὸν
802 4077 837 4139 οὐ
861 4081 945 4148 θεοῖς
971 4073 1087 4153 ὁμοίαν,

703 4196 866 4270 παναλῆθῆ
890 4188 1071 4267 κακόμαντιν

701 4305 811 4387 πατρὸς
835 4305 974 4367 εὐκταίαν
992 4299 1115 4383 Ἐρινὺν

703 4419 814 4482 τελέσαι
837 4419 888 4492 τὰς
916 4418 1104 4499 περιθύμους

700 4535 829 4614 κατάρας
853 4532 1063 4614 βλαψίφρονοίς
1086 4527 1106 4592 τ’
1135 4529 1292 4591 Οἰδιπόδα.

321 4653 477 4713 Η61161
509 4667 569 4711 1116
600 4651 802 4726 incessit,
831 4665 879 4708 ne
910 4648 1158 4722 perniciosa
1189 4646 1281 4720 dea,
1313 4644 1396 4705 diis
1428 4643 1546 4703 dissi·
