3536 5068
890 275 932 335 88

279 452 393 497 verum
425 451 500 496 eum
527 437 597 496 sine
620 437 687 498 ullo
711 439 805 498 dubio
832 437 881 497 vel
906 435 1132 514 haesitatione,
1159 436 1195 494 ut
1219 433 1429 509 Aeschylum,
1454 432 1550 493 credi·

279 550 369 610 disse
392 550 523 609 omnino
547 565 639 624 nego.
665 551 838 625 Propterea
857 550 908 610 dei
928 550 1095 625 Sophoclei
1113 549 1276 625 propiores
1296 548 1410 607 sunta
1430 545 1556 619 vulgari

279 664 311 722 et
343 663 509 723 communi
533 663 681 737 opinione
704 679 802 737 quam
827 663 1017 737 Aeschylei;
1042 663 1196 723 6661661
1221 663 1360 736 6161616,
1385 659 1553 733 corrigere,

278 776 450 836 emendare
481 791 590 836 mores
623 780 655 838 et
679 779 787 839 studia
811 779 944 838 deorum
967 791 1067 851 penes
1092 780 1251 850 6616661,
1277 775 1331 847 qui
1355 773 1388 832 in
1412 772 1481 832 vita
1503 773 1555 831 ho·

278 889 404 949 minum
429 890 660 952 consideranda
684 907 747 952 non
772 906 963 965 superorum
988 890 1184 964 sapientiam
1207 887 1383 962 reppererit
1406 887 1463 946 sed
1487 887 1555 945 tan·

278 1003 448 1062 tummodo
479 1003 665 1077 aenigmata
696 1003 974 1066 animadverterit.
999 1003 1142 1063 Eandem
1167 1002 1207 1062 eb
1231 1016 1365 1061 causam
1398 1014 1461 1059 666
1486 1000 1555 1059 tam

278 1115 462 1189 frequenter
486 1116 523 1176 de
548 1118 609 1177 (1116
630 1119 829 1177 mentionem
850 1117 929 1176 facit
950 1116 1143 1189 saepiusque
1166 1130 1278 1175 vocem
1299 1117 1381 1172 θεῶν
1400 1135 1442 1184 τις
1457 1127 1555 1186 quam

280 1229 331 1290 dei
355 1229 524 1290 cuiusdam
548 1246 666 1291 nomen
691 1232 831 1307 adhibet,
856 1231 1003 1305 quodque
1027 1231 1124 1304 eaput
1144 1233 1205 1305 est,
1227 1228 1362 1289 consilia
1385 1241 1496 1288 eorum
1520 1242 1557 1287 66

279 1359 342 1404 666
361 1343 548 1417 intellegere
571 1344 751 1406 confltetur.
773 1345 982 1418 nequitatem
998 1344 1031 1403 in
1044 1344 1173 1403 fortuna
1185 1342 1325 1403 hominis
1337 1357 1401 1402 uon
1414 1340 1555 1402 animad-

282 1457 381 1517 vertit
398 1473 512 1534 neque,
533 1474 590 1519 cur
609 1460 703 1534 absit,
724 1458 894 1534 intellegit,
918 1458 1068 1530 antiquas
1089 1457 1216 1516 fabulas
1235 1469 1466 1527 nonnunquam
1487 1454 1556 1514 deis

280 1571 429 1643 indiguas
446 1587 517 1631 esse
535 1574 567 1631 et
584 1587 783 1632 cumeorum
799 1573 973 1632 maiestate
986 1586 1128 1646 pugnare
1142 1572 1262 1646 censet,
1275 1571 1331 1630 sed
1343 1568 1555 1630 nihilominus

281 1683 357 1744 deos
378 1687 505 1760 metuit,
523 1686 640 1758 ubique
654 1701 765 1746 eorum
783 1687 980 1759 potestatem
998 1685 1104 1744 valere
1122 1685 1232 1759 credit,
1246 1699 1375 1758 semper
1387 1698 1442 1744 eos
1454 1683 1555 1744 colen·

281 1797 339 1856 dos
360 1813 432 1857 esse
452 1799 554 1858 docet.
576 1799 663 1875 Pius,
684 1801 720 1859 ut
740 1799 787 1859 ita
807 1799 924 1874 dicam,
949 1798 1175 1874 „agnoscens”
1197 1798 1257 1874 est,
1278 1799 1371 1858 ouius
1394 1797 1556 1871 theologia

284 1911 334 1969 his
354 1913 537 1974 continetur
557 1915 739 1989 sententiis
761 1929 842 1987 quas
863 1913 1003 1986 legimus
1026 1911 1556 1974 Μ16116Ι112261Ρ66161.οΧ10.

332 2025 438 2098 ,Ipsi
469 2029 608 2087 autem
640 2027 822 2098 (61116161)
848 2042 925 2086 666
949 2029 1244 2099 cognoverunt
1266 2025 1555 2100 cogitationes

283 2137 448 2198 Domini
479 2141 629 2200 61666
660 2139 979 2200 intellexerunt
1011 2139 1240 2201 consilium
1271 2141 1395 2200 6166.”
1411 2133 1431 2210 ¹)

331 2251 549 2326 ,Sanctum
582 2256 622 2314 et
651 2253 852 2314 terribile
884 2269 1033 2313 nomen
1061 2254 1172 2330 eius,
1195 2254 1371 2315 initium
1395 2256 1554 2330 sapien·

283 2366 370 2425 1166
400 2367 529 2426 116161
560 2368 756 2428 Domini.”

329 2478 361 2537 Si
393 2480 443 2538 vis
474 2481 618 2542 brevius:
649 2481 772 2558 ,Vere
801 2483 846 2541 tu
876 2496 919 2540 es
950 2481 1060 2540 Deus
1092 2476 1443 2554 absconditus.”¹)
1478 2483 1553 2554 (Jes.

285 2592 370 2652 XLV
396 2595 446 2664 15)
472 2597 504 2654 61
531 2596 665 2670 ,Time
697 2595 948 2655 Dominum.’'
974 2594 1078 2665 (Prov.
1103 2595 1212 2654 XXIV
1236 2597 1298 2665 21).

327 2706 405 2767 Indo
435 2708 624 2782 explicanda
656 2712 707 2769 661
738 2708 902 2784 Sophoclis
937 2707 1070 2785 εἰρωνεία
1102 2709 1153 2769 vel
1185 2706 1367 2787 &portuum
1407 2711 1555 2772 homines

283 2835 317 2879 se
341 2821 490 2895 prudenti
514 2823 636 2883 ratione
661 2821 851 2882 felicitatem
871 2823 979 2896 petere
1000 2823 1033 2881 et
1052 2823 1259 2896 prosperitati
1279 2823 1409 2884 studere
1429 2826 1555 2900 putant,

283 2936 318 2993 at
340 2949 418 2994 suae
442 2935 640 2995 calamitatis
664 2936 751 3010 ipsos
775 2938 925 2995 auctores
947 2949 1021 2995 esse
1047 2935 1080 2994 in
1104 2935 1195 2995 exitu
1219 2937 1325 3012 patet;
1353 2936 1439 2997 levia
1458 2940 1556 3001 verba

282 3049 386 3108 iacere
417 3049 479 3108 sibi
511 3050 659 3109 videntur
682 3051 715 3109 et
740 3048 772 3108 in
796 3049 941 3124 ipsorum
966 3048 1072 3108 verbis
1095 3048 1194 3110 fatale
1221 3049 1410 3116 vaticinium
1434 3054 1554 3126 specta·

281 3165 369 3222 tores
400 3163 544 3223 audiunt.
577 3163 723 3224 Indidem
755 3164 839 3237 apud
871 3162 1063 3236 Sophoclem
1093 3163 1192 3223 nimis
1221 3164 1331 3224 creber
1353 3165 1555 3226 oraculorum

282 3291 362 3335 usus
394 3275 603 3349 explicandus
638 3278 705 3350 est;
741 3291 879 3351 semper,
913 3276 990 3350 quid
1020 3276 1167 3337 futurum
1200 3278 1253 3354 sit,
1286 3277 1365 3338 deus
1388 3281 1557 3340 constituit

281 3389 375 3462 idque
407 3390 650 3462 exsequendum
681 3391 788 3464 curat;
822 3391 919 3449 116166
950 3389 982 3449 16
1013 3390 1137 3464 templo
1161 3390 1192 3450 id
1223 3392 1333 3452 audire
1364 3395 1481 3468 potest,
1512 3393 1556 3453 in·

281 3502 433 3576 tellegere
470 3503 519 3563 vel
555 3503 664 3563 animo
700 3503 971 3578 comprehendere
1007 3519 1070 3563 non
1102 3506 1226 3581 potest,
1259 3507 1392 3567 deorum
1423 3507 1557 3567 consilia

280 3617 441 3690 percipere
465 3617 581 3691 potest,
606 3632 669 3677 666
694 3618 801 3691 potest
826 3631 885 3675 sua
909 3617 1012 3690 ipsius
1036 3617 1170 3678 consilia
1194 3619 1338 3692 exsequi.

325 3730 411 3805 Quae
453 3745 505 3790 res
539 3731 690 3803 quamvis
727 3729 921 3804 Sophocleae
956 3730 1018 3790 arti
1056 3731 1094 3790 ab
1131 3732 1235 3792 altera
1268 3736 1359 3808 parte
1395 3735 1556 3811 obessent,

280 3847 389 3904 tamen
422 3845 461 3903 ab
492 3844 595 3904 altera
626 3845 717 3918 parte
750 3843 956 3918 profuerunt3
989 3845 1084 3917 poeta
1116 3845 1203 3904 enim
1227 3847 1266 3906 ab
1292 3846 1422 3923 Olympi
1445 3849 1558 3909 incolis

279 3957 413 4018 alienior
433 3974 527 4018 omne
548 3974 645 4018 suum
666 3958 812 4017 studium
832 3957 865 4017 in
887 3958 1038 4018 homiues
1060 3959 1205 4036 contulit,
1219 3976 1356 4034 quorum
1369 3962 1402 4021 in
1415 3963 1559 4023 moribus

280 4072 499 4146 exprimendis
522 4087 653 4132 omnem
678 4087 790 4132 curam
816 4074 849 4132 et
874 4086 1005 4147 operam
1030 4074 1148 4146 posuit.
1173 4074 1280 4148 Atque
1302 4075 1435 4149 insuper
1453 4079 1557 4151 poeta,

279 4186 334 4258 qui
353 4186 490 4259 singulis
510 4186 698 4246 numinibus
719 4201 802 4258 quae
821 4185 996 4247 facultates
1018 4187 1116 4260 atque
1138 4187 1274 4249 virtutes
1291 4192 1401 4250 666661
1413 4190 1558 4265 propriae

280 4299 470 4359 autminus
495 4302 622 4360 curaret
646 4301 702 4360 aut
726 4314 789 4359 666
815 4299 896 4359 66116
922 4300 1030 4376 661161,
1055 4300 1231 4362 identidem
1257 4304 1389 4363 deorum
1414 4304 1502 4379 leges
1525 4308 1559 4366 et

315 4566 333 4627 ¹)
351 4571 404 4618 Non
423 4570 455 4616 (16
474 4570 578 4616 Iudaeis
596 4569 641 4616 sed
660 4569 691 4615 de
712 4569 821 4616 ethnicis
839 4569 953 4628 loquitur
970 4573 1042 4618 vates
1059 4571 1184 4627 Iudaeus;
1203 4572 1244 4619 (161
1263 4574 1360 4621 16611116
1379 4579 1405 4622 61
1421 4577 1557 4627 consilium

280 4649 384 4698 Iudaeis
401 4653 428 4700 61
446 4649 605 4708 Christianis,
624 4648 719 4710 quibus
738 4651 750 4694 1
768 4648 824 4702 θεὸς
842 4649 958 4709 διαθήκην
975 4649 1075 4705 triano,
1097 4653 1166 4709 6616,
1184 4653 1293 4701 ethnicis
1310 4654 1397 4713 ignoto
1415 4658 1481 4702 sunt.
