3536 5068
861 242 901 301 91

244 410 349 482 magis
374 410 488 470 Suidus
513 412 556 481 (in
580 415 668 481 voce)
691 413 814 487 probat,
834 411 889 485 qui
913 411 1007 484 soph.
1033 410 1108 470 Oed.
1134 409 1198 471 Col.
1227 410 1311 469 1166
1331 406 1513 480 exscripsit.

242 522 363 583 Eodem
394 524 488 585 modo
519 543 560 586 ex
591 525 745 601 Sophocle
778 526 906 586 haurire
936 525 1041 598 potuit
1073 525 1266 600 Hesychius,
1298 524 1381 598 apud
1415 537 1513 594 quem

241 637 376 710 legitur:
408 636 538 716 ἒμντοίις,
568 637 583 700 ὃ
608 639 735 720 πατρίδα
760 638 841 718 ἔχων.
865 639 1033 700 Postremo
1058 639 1142 714 apud
1165 638 1330 700 Pollucem
1354 635 1511 708 legimus:

241 747 293 808 τὸν
325 746 357 809 δὲ
387 747 476 811 ἀστὸν
509 750 642 825 Εὔπολις
676 751 707 812 ἕν
730 762 765 836 τῇ
790 751 888 812 Δυάόι
912 750 1034 828 ἔμποίιν
1058 756 1099 822 (v.
1124 751 1145 812 l.
1172 748 1304 820 εὔπολιν)
1327 747 1451 828 εἴρηκεν.
1475 748 1511 806 In

242 862 374 936 reliquis
397 866 607 941 scriptoribus
631 882 792 940 nusquam
817 867 964 926 occurrit.

287 976 368 1050 Ergo
392 977 468 1038 licet
491 983 643 1055 appareat
666 980 769 1040 semel
792 981 919 1055 poetam
946 979 1104 1040 Graecum
1131 978 1285 1039 vocabulo
1309 993 1381 1038 esse
1404 992 1511 1051 usum,

242 1104 304 1149 non
337 1093 465 1152 constat
495 1108 558 1166 quo
586 1095 619 1153 in
650 1095 805 1154 contextu
836 1093 1026 1168 adhibuerit,
1059 1108 1161 1164 neque
1185 1094 1295 1151 utrum
1319 1089 1511 1151 vocabulum

241 1202 339 1262 fuerit
368 1205 576 1282 ordinarium,
608 1209 691 1280 quod
721 1207 803 1266 sorte
835 1207 964 1266 fortuna
995 1207 1027 1266 in
1058 1205 1268 1280 scriptoribus
1295 1204 1426 1277 reliquis
1449 1219 1513 1264 non

241 1315 376 1392 legatur,
409 1334 449 1378 an
481 1336 603 1380 novum
635 1336 654 1380 a
684 1321 808 1380 comico
837 1321 946 1380 nescio
976 1334 1076 1392 quam
1108 1319 1147 1378 ob
1178 1334 1311 1378 causam
1335 1317 1512 1378 formatum

241 1445 367 1502 unoque
390 1432 459 1493 loco
483 1433 672 1494 adhibitum.

285 1543 453 1605 Postremo
490 1547 644 1607 vocabula
678 1545 757 1628 χώρα
793 1547 840 1616 (Ν.
876 1546 911 1606 Β.
946 1545 1104 1616 dativum)
1137 1548 1169 1606 et
1200 1544 1322 1622 ἕμττοίιν
1349 1560 1413 1605 666
1437 1547 1512 1620 apte

240 1657 324 1716 coire
359 1659 440 1717 mihi
475 1660 633 1720 videntur.
670 1660 756 1736 Quas
788 1661 826 1720 ob
851 1672 968 1720 causas
992 1660 1212 1720 coniecturam
1238 1659 1369 1720 omnino
1393 1659 1509 1732 impro-

240 1771 378 1831 bandam
415 1787 487 1832 esse
518 1789 644 1848 censeo,
680 1789 783 1847 neque
810 1773 897 1832 enim
922 1772 1094 1832 lectionem
1121 1772 1276 1832 traditam
1300 1772 1511 1846 depravatam

240 1898 312 1941 esse
335 1899 439 1958 neque
462 1885 635 1946 lectionem
657 1886 855 1960 propositam
881 1886 961 1946 bene
984 1901 1020 1945 se
1044 1886 1172 1946 habere.

283 1997 448 2058 Nauckius
471 2004 582 2060 autem
607 2014 709 2072 neque
733 2001 812 2073 legit
834 2014 938 2072 neque
962 1999 1104 2060 defendit
1136 2000 1355 2060 coniecturam
1379 1997 1512 2074 ἕμττοίτν,

240 2111 296 2170 666
320 2111 419 2170 nihilo
445 2113 552 2172 minus
576 2113 634 2174 hoc
659 2113 727 2174 loco
751 2113 909 2187 Oedipum
934 2114 1066 2173 civitate
1087 2114 1199 2174 donari
1222 2113 1323 2173 credit
1343 2117 1424 2186 (pag.
1448 2113 1510 2181 32).

241 2223 303 2283 Cur
326 2226 445 2300 credat,
469 2242 532 2287 non
556 2227 719 2301 intellego,
743 2242 820 2287 uam
851 2226 1025 2297 κατοικίζειν
1050 2242 1122 2287 eam
1147 2227 1331 2288 nonhabet
1355 2225 1512 2299 significa·

240 2338 379 2408 tionem;
411 2338 585 2410 κατοικίζειν
615 2340 813 2400 contrarium
845 2342 895 2400 est
927 2341 1017 2400 verbi
1045 2337 1216 2416 ἀνοικίζειν,
1240 2340 1324 2413 quod
1347 2340 1381 2399 in
1404 2340 1513 2399 sabula

240 2453 351 2510 nostra
378 2469 423 2513 rs.
452 2453 535 2512 1309
560 2453 688 2529 legitur,
714 2468 777 2526 quo
808 2453 877 2513 loco
900 2454 939 2513 de
964 2454 1107 2513 civitatis
1130 2455 1198 2513 iure
1222 2469 1262 2512 66
1287 2453 1420 2526 cogitari
1444 2453 1509 2525 qui·

239 2564 310 2623 dem
348 2569 470 2640 potest3
501 2567 675 2637 κατοικίζειν
710 2568 818 2640 ipsum
854 2567 934 2626 nihil
969 2567 1057 2626 aliud
1092 2569 1143 2626 est
1177 2567 1240 2626 nisi
1283 2568 1415 2627 domum
1460 2567 1511 2627 vel

238 2677 437 2738 domicilium
463 2679 559 2740 alicui
583 2681 668 2755 dare,
693 2682 729 2740 ut
753 2684 899 2739 κατοικεῖν
924 2681 1057 2740 domurn
1083 2681 1135 2740 vel
1160 2680 1360 2740 domicilium
1382 2681 1509 2757 habere,

237 2805 301 2863 qua
335 2793 458 2852 ratione
482 2794 562 2852 haec
587 2794 683 2852 verba
707 2794 820 2853 multis
851 2793 930 2854 locis
957 2793 1101 2853 adhibita
1126 2793 1234 2853 videre
1258 2808 1441 2867 possumus.
1466 2793 1511 2852 Ut

236 2904 315 2964 haec
339 2906 491 2966 afferam:
517 2906 611 2981 Soph.
637 2907 712 2967 Ant.
743 2909 827 2968 1069

569 3017 672 3097 ψυχὴν
695 3017 804 3096 ἀτίμως
829 3017 861 3078 ἕν
884 3020 968 3104 τάφῳ
992 3019 1171 3091 κατοικίσας.

237 3129 343 3205 Eurip.
370 3132 496 3206 Hippol.
522 3135 586 3194 616

571 3251 716 3326 γυναῖκας
739 3247 780 3319 εἰς
803 3256 868 3323 φῶς
892 3243 978 3324 ἡλίου
1001 3247 1175 3330 κατῴκισας.

238 3359 336 3419 Thura
361 3361 402 3434 ΙΙ,
431 3360 503 3435 102,
529 3362 547 3420 5
571 3357 769 3430 κατοικισθεὶς
794 3360 834 3432 εἰς
859 3359 928 3432 τοὺς
951 3360 1017 3439 περὶ
1043 3361 1187 3433 Οἰνιάδας
1213 3360 1323 3432 τόπους
1354 3363 1511 3424 Alcmeon

236 3473 362 3549 dicitur,
394 3474 446 3533 cui
476 3473 516 3532 ab
547 3473 694 3548 Apolline
726 3474 918 3534 mandatum
945 3478 1024 3550 erat,
1051 3476 1143 3534 utin
1167 3491 1206 3535 66
1229 3476 1359 3548 regione
1383 3475 1511 3534 κατοικί-

238 3603 330 3662 σαιτο,
360 3602 452 3660 quae,
484 3603 558 3649 oum
592 3589 699 3649 scelus
722 3590 921 3665 admitteret,
945 3592 1088 3651 nondum
1114 3591 1194 3650 solis
1217 3590 1317 3650 radiis
1341 3587 1513 3648 calefieret.

236 3701 299 3762 Ubi
318 3702 476 3762 Alcmeon
496 3703 603 3774 paullo
626 3705 699 3776 post
719 3719 822 3777 neque
843 3705 968 3779 urbem,
989 3708 1114 3779 opinor,
1136 3719 1241 3776 neque
1254 3702 1374 3762 civium
1387 3699 1517 3758 tabulas

236 3816 380 3875 invenire
404 3817 519 3889 potuit.

280 3928 359 3988 Vide
395 3933 562 4003 praeterea
597 3930 713 3991 Herod.
750 3931 780 3990 Ii
819 3933 880 3991 154
915 3933 948 3992 et
979 3933 1089 3997 nostri
1117 3933 1231 4009 poetae
1255 3927 1336 3988 Phil.
1361 3925 1413 3999 40,
1443 3923 1518 3983 066.

237 4039 300 4102 Col.
327 4045 390 4104 362
415 4044 469 4103 ubi
492 4048 639 4104 κατοικεῖν
663 4059 726 4104 666
752 4044 896 4105 civitatis
920 4045 970 4104 ius
994 4048 1057 4112 sed
1082 4044 1286 4108 domicilium
1310 4037 1439 4100 indicat.

279 4156 403 4233 Itaque,
440 4157 477 4216 ut
511 4158 682 4231 aliquando
714 4159 754 4218 ad
786 4157 885 4217 finem
910 4164 1165 4233 perveniamus:
1193 4171 1317 4229 versus,
1341 4153 1380 4212 66
1404 4148 1520 4223 quibus

236 4270 374 4346 agimus,
399 4271 478 4330 nihil
503 4272 589 4333 aliud
614 4271 795 4344 significare
819 4276 955 4345 possunt
979 4278 1068 4338 uisi:

283 4398 381 4458 ,qua
404 4384 616 4458 religione
640 4387 858 4460 permotus
882 4402 954 4460 ego
978 4403 1048 4453 me
1072 4399 1288 4459 nunquam
1308 4378 1521 4452 ingratum

235 4496 483 4570 praestabo,
508 4500 580 4559 sed
605 4499 861 4559 econtrario
881 4501 988 4561 hunc
1015 4500 1159 4563 virum
1181 4499 1213 4558 in
1238 4497 1410 4570 regione
1434 4505 1524 4552 mea

235 4608 497 4687 collocabo,''
