3536 5068
302 1154 375 1237 DE
403 1154 537 1240 IUREl
568 1153 819 1239 rationis
849 1154 917 1236 lli
949 1152 1419 1242 laenocinium.

264 1721 351 1798 Quae
392 1737 490 1796 supra
527 1724 594 1783 dixi
638 1724 702 1784 alia
745 1739 871 1797 quoque
915 1726 1039 1786 ratione
1082 1725 1246 1786 affirmare
1285 1741 1379 1800 posse
1418 1726 1499 1786 mihi

220 1835 337 1896 videor.
370 1837 432 1897 Fac
464 1839 551 1898 enim
585 1838 756 1912 Oedipodis
789 1839 926 1898 exilium
954 1840 1133 1900 secundum
1159 1839 1348 1914 Sophoclem
1374 1841 1497 1913 patriae

217 1949 315 2009 saluti
338 1965 401 2010 non
425 1951 527 2012 fuisse
549 1952 783 2028 necessarium,
808 1952 859 2012 fac
881 1953 969 2012 cives
994 1969 1029 2012 se
1050 1953 1193 2028 ingratos
1213 1953 1427 2028 praestitisse,
1448 1953 1499 2013 iac

218 2063 400 2136 Apollinem
430 2068 488 2125 aut
519 2065 682 2126 Thebanis
707 2065 906 2142 permisisse,
933 2067 968 2125 ut
992 2067 1052 2126 hac
1076 2067 1114 2127 de
1139 2083 1172 2126 re
1197 2067 1415 2142 decernerent,
1440 2069 1498 2126 aut

218 2177 306 2250 prius
326 2179 491 2239 oraculum
512 2181 690 2254 posteriore
712 2180 844 2239 omnino
866 2180 1050 2257 sustulisse,
1072 2195 1151 2239 num
1163 2182 1332 2254 propterea
1346 2178 1497 2252 Oedipodi

218 2291 351 2367 patriae,
375 2293 506 2368 civium,
532 2291 674 2352 filiorum
696 2293 806 2353 odium
830 2293 918 2353 laudi
943 2308 1014 2353 esse
1034 2293 1241 2352 tribuendum
1255 2293 1434 2366 putamus?
1456 2325 1496 2334 -

262 2405 417 2478 Equidem
452 2406 552 2466 aliam
589 2422 662 2466 esse
697 2408 855 2482 nostram,
891 2407 990 2466 aliam
1022 2406 1217 2466 Graecorum
1249 2406 1288 2464 de
1322 2405 1496 2465 ulciscendi

219 2519 462 2594 vindicandique
496 2523 566 2580 iure
598 2521 701 2581 fuisse
734 2521 918 2595 opinionem
949 2521 1087 2580 libenter
1119 2520 1273 2593 concedo;
1308 2518 1497 2592 Sophoclem

221 2632 259 2691 de
290 2634 379 2706 paria
399 2634 532 2708 paribus
555 2634 722 2695 referendo
746 2635 832 2693 idem
857 2635 941 2706 quod
966 2633 1104 2693 maiores
1129 2635 1227 2705 atque
1251 2632 1403 2704 aequales
1428 2632 1498 2691 eius

222 2745 381 2807 iudicasse
412 2763 477 2807 non
510 2762 608 2822 nego;
637 2748 688 2807 ius
720 2747 860 2822 talionis,
891 2748 976 2820 quod
1005 2747 1131 2824 dicitur,
1156 2745 1308 2820 quamvis
1332 2760 1349 2804 e
1373 2744 1498 2817 legibus

221 2859 385 2920 sublatum
418 2862 517 2935 esset,
549 2861 582 2920 in
611 2860 771 2921 cotidiano
796 2876 857 2919 usu
882 2862 914 2920 et
938 2861 1169 2920 consuetudine
1194 2861 1291 2931 atque
1315 2858 1348 2916 in
1372 2857 1498 2930 privata

222 2973 390 3032 hominum
429 2973 497 3034 vita
532 2975 632 3034 etiam
668 2976 739 3034 tum
774 2973 922 3034 floruisse
957 2977 989 3033 et
1025 2973 1168 3047 viguisse
1200 2972 1294 3033 facile
1328 2971 1497 3031 assentior.

222 3085 370 3146 Nondum
395 3088 561 3163 praeclara
585 3088 641 3148 illa
665 3088 761 3148 verba
785 3089 872 3148 edita
896 3091 1004 3148 erant:

270 3191 446 3274 ,'onriourr
479 3197 522 3259 ὅτι
554 3197 672 3280 ἕρῤέθη,
702 3199 872 3278 Ἀγαπήσεις
901 3198 952 3260 τὸν
975 3199 1102 3278 πλησίον
1128 3216 1195 3277 σου,
1218 3195 1270 3259 καὶ
1292 3195 1425 3276 μισήσεις
1448 3195 1499 3256 τὸν

223 3307 330 3391 ἐχθρόν
366 3329 429 3373 σου.
450 3307 528 3392 Ἐγὼ
560 3308 592 3372 δὲ
621 3309 694 3392 λέγω
722 3311 804 3391 ὑμῖν,
826 3316 967 3392 Ἀγαπᾶιε
989 3312 1059 3385 τοὺς
1084 3310 1213 3392 ἐχθροὺς
1237 3311 1334 3390 ὑμῶν,
1356 3309 1499 3390 εὐλογεῖτε

222 3423 290 3496 τοὺς
310 3422 538 3507 καταρωμένους
562 3425 649 3504 ὑμᾶς,
667 3430 763 3498 καλῶς
782 3431 890 3486 ποιεῖτε
912 3425 981 3498 τοὺς
1005 3434 1168 3504 μισοῦντας
1190 3424 1279 3504 ὑμᾶς,
1302 3421 1352 3484 καὶ
1374 3423 1499 3505 προσεύ-

222 3542 309 3614 χεσθε
332 3535 407 3618 ὑπὲρ
431 3545 491 3598 τῶν
516 3537 735 3618 ἐπηρεαζόντων
756 3537 832 3617 ὑμᾶς
851 3538 900 3598 καὶ
919 3538 1088 3600 διωκόντων
1115 3539 1224 3616 ὑμᾶς.”
1250 3540 1350 3610 (Mati.
1372 3539 1409 3599 V.
1435 3539 1497 3612 44),

221 3654 254 3712 et
277 3653 354 3714 licet
376 3668 436 3712 nos
456 3653 621 3728 miremur,
643 3655 726 3726 quod
747 3669 850 3726 neque
870 3656 983 3728 poetae
1006 3655 1127 3728 egregii
1141 3653 1324 3727 Aeschylus
1337 3655 1369 3713 et
1382 3653 1497 3728 Sopho·

222 3766 288 3826 cles
311 3782 415 3840 neque
440 3767 568 3841 sapiens
591 3768 894 3841 praestantissimus
919 3767 1078 3842 Socrates
1102 3768 1242 3828 simulac
1265 3768 1303 3828 de
1327 3769 1494 3829 hominum

223 3878 339 3939 officiis
369 3880 520 3940 meditari
550 3873 733 3957 coeperunt,
766 3882 906 3956 simplex
937 3883 1033 3942 hocce
1064 3883 1273 3956 praeceptum
1299 3885 1497 3957 reppererint

223 3993 497 4054 celebraverintve
522 3993 573 4054 val
597 3993 716 4054 saltem
743 3994 851 4067 aliqua
874 4010 916 4055 ex
939 3998 1030 4069 parte
1054 3996 1095 4055 ad
1118 3995 1178 4054 hoc
1201 3995 1368 4055 decretum
1392 4011 1495 4056 acces-

223 4107 334 4183 serint,
359 4107 490 4167 0mnino
513 4108 676 4181 probanda
700 4109 751 4169 est
773 4108 933 4181 Lessingii
957 4103 1120 4168 sententia
1144 4107 1304 4178 (Laolrodn
1327 4108 1396 4180 IVl:

272 4222 362 4297 ,Die
393 4221 653 4281 moralischa
677 4221 831 4282 Grdsse
854 4221 1034 4282 bestand
1058 4221 1124 4282 bei
1147 4222 1223 4282 den
1247 4221 1365 4281 alten
1388 4221 1494 4282 Gris-

223 4335 326 4395 chen
357 4335 398 4394 in
429 4334 546 4394 einer
576 4335 730 4395 ebenso
762 4334 1184 4395 unverdnderlichen
1214 4333 1339 4394 Liebe
1363 4349 1494 4408 gagen

223 4449 341 4510 seina
365 4447 554 4508 Freunde
578 4449 642 4508 als
663 4448 1038 4508 unwandalbarem
1061 4448 1197 4508 Hasse
1220 4462 1351 4520 gagen
1374 4447 1493 4508 seine

223 4562 409 4622 iieinde.”

268 4675 424 4735 Attamen
444 4675 595 4747 quamvis
615 4674 727 4735 Graeci
747 4675 808 4735 hac
828 4675 861 4736 in
881 4690 915 4735 re
935 4675 1100 4751 tantopere
1115 4673 1238 4734 anobis
1250 4673 1491 4754 discrepuerint,
