3536 5068
846 266 888 325 45

272 434 395 494 Ibidem
419 433 595 492 Parcarum
619 445 691 490 esse
715 443 842 488 sorores
865 429 1072 503 multumque
1096 433 1179 506 apud
1203 448 1259 493 eas
1278 449 1371 508 prece
1392 435 1501 496 valere

228 548 380 608 audimus
404 547 508 617 (Eum.
535 561 582 606 vs
610 546 703 614 soit:

628 656 701 716 θεαί
721 650 745 715 τ’
774 647 796 714 ὦ
821 658 938 735 Μοῖραι

631 778 907 849 ματροκασιγνῆται,

138 875 140 882 ’
229 890 421 962 quibuscum
445 887 538 961 quasi
562 901 625 946 uno
651 885 828 957 eodemque
851 900 985 945 munere
1009 886 1180 959 iungentes
1205 887 1306 947 etiam
1330 903 1349 948 a
1373 887 1499 948 Prome·

230 1004 305 1063 theo
336 1003 583 1076 coniunguntur,
616 1000 680 1075 qui,
712 1000 885 1073 postquam
917 999 1040 1058 nullam
1072 1001 1229 1060 adversus
1261 1000 1366 1060 fatum
1394 1001 1501 1061 valere

230 1117 344 1192 artem,
362 1114 484 1175 nullam
506 1115 664 1174 adversus
683 1113 914 1173 necessitatem
931 1114 1000 1172 Iovi
1019 1129 1091 1173 esse
1104 1115 1300 1187 potestatem
1314 1114 1500 1190 declaravit,

230 1245 249 1289 a
273 1230 441 1304 choroque,
466 1228 550 1300 quod
572 1227 705 1287 tandem
729 1228 844 1300 potens
864 1240 986 1285 numen
1005 1227 1072 1286 fato
1091 1230 1266 1303 praeesset,
1287 1229 1419 1300 rogatus
1440 1231 1500 1305 est,

229 1344 289 1403 hoc
313 1343 369 1402 dat
391 1356 584 1416 responsum
609 1340 725 1411 (Prcm.
753 1355 799 1399 vs.
825 1340 917 1408 mci:

453 1457 571 1531 Μοῖραι
594 1453 752 1532 τρίμορφοι
775 1446 925 1528 μνήμονές
947 1445 972 1511 τ’
995 1446 1139 1529 Ἐρινύες.

274 1567 376 1643 Quam
397 1569 525 1628 veroin
547 1568 707 1642 Oedipode
728 1565 864 1627 (toloneo
885 1568 1012 1639 partem
1032 1567 1141 1641 agani,
1161 1568 1283 1641 optime
1299 1569 1502 1640 cognoscitur

229 1697 271 1740 ex
294 1697 391 1742 versu
415 1683 489 1757 458,
514 1682 569 1741 ubi
593 1681 732 1754 Oedipus
757 1680 891 1740 chorum
915 1680 1006 1754 petit,
1036 1682 1073 1738 ut
1095 1680 1156 1740 sibi
1180 1680 1263 1741 ferat
1286 1681 1446 1741 auxilinm

362 1792 436 1873 πρὸς
460 1798 535 1853 ταῖσι
561 1791 622 1872 τρὶς
646 1798 780 1870 σεμναῖσι
804 1792 966 1870 δημούχοις
990 1797 1085 1864 θεαῖς.
1111 1793 1156 1855 Of.
1182 1796 1246 1854 486
1272 1809 1341 1867 sqq.

273 1909 367 1982 Deae,
400 1923 481 1981 quae
513 1907 660 1984 δημοῦχοι
694 1906 897 1981 appellantur
913 1900 946 1982 ¹),
971 1907 1005 1965 in
1028 1907 1143 1979 primis
1166 1909 1414 1981 prosperitatem
1438 1924 1501 1969 nou

228 2022 450 2082 calamitatem
474 2023 628 2096 praebere
652 2022 685 2080 et
709 2020 824 2081 afferre
849 2019 1034 2080 creduntur.
1239 2103 1241 2106 .

273 2137 315 2196 At
346 2136 543 2196 Eumenides
574 2134 731 2209 propitiae
762 2149 827 2194 non
858 2136 928 2193 tarn
953 2134 1138 2207 frequenter
1161 2149 1260 2207 quam
1283 2150 1395 2194 earum
1419 2151 1503 2195 acer·

230 2249 315 2309 bitas
344 2253 378 2310 ct
408 2249 568 2310 severitas
601 2250 634 2306 et
661 2247 709 2307 ira
739 2249 934 2321 argumenta
965 2247 998 2307 in
1027 2247 1145 2307 fabulis
1165 2249 1394 2323 componendis
1417 2264 1504 2323 prae·

230 2363 343 2437 buere;
376 2378 438 2436 qua
470 2377 511 2422 ex
542 2377 577 2420 re
609 2359 733 2419 iactum
765 2362 825 2436 esi,
857 2361 895 2420 ut
922 2375 978 2419 eas
1006 2362 1039 2420 et
1062 2360 1244 2434 Aeschylus
1272 2364 1305 2422 et
1331 2361 1504 2436 Sophocles

230 2476 380 2537 omnibus
410 2477 476 2536 fere
507 2475 588 2536 locis
616 2467 756 2552 Ἐρινύας
787 2474 839 2534 vel
870 2472 954 2551 Άράς
985 2473 1195 2549 appellarent,
1227 2475 1261 2534 ei
1286 2475 1319 2534 in
1344 2476 1504 2548 puniendo

229 2588 476 2663 ulciscendoque
507 2589 700 2664 praesertim
726 2589 849 2648 versari
878 2587 1030 2671 iacerent.
1056 2588 1170 2659 Itaque
1193 2588 1273 2648 haec
1296 2590 1451 2665 potestas,
1476 2589 1503 2649 si

229 2705 381 2764 naturam
416 2705 561 2779 dearum,
597 2703 710 2775 quales
744 2716 800 2760 eas
835 2701 958 2762 finxere
993 2703 1117 2777 poetae,
1149 2701 1279 2774 penitus
1313 2716 1504 2775 cognoscere

230 2817 392 2894 volumus,
417 2818 586 2893 inprimis
610 2815 900 2876 animadvertenda
923 2816 964 2892 et,
990 2815 1073 2889 quod
1093 2816 1162 2889 ipse
1182 2815 1363 2888 Aeschylus
1383 2830 1504 2875 munus

230 2932 334 2992 Furiis
357 2932 517 3008 tribuerit,
541 2931 769 3003 inquirendum
793 2933 854 2991 est.

275 3047 312 3105 In
334 3045 433 3106 tertia
460 3044 607 3105 Orestiae
629 3044 720 3118 parte
744 3042 860 3103 Furiae
884 3045 1005 3104 canunt
1028 3043 1131 3113 (illum.
1158 3045 1250 3114 335):

587 3163 674 3217 τοῦτο
697 3153 753 3235 γὰρ
776 3155 863 3234 λάχος
887 3156 1022 3216 διανταία

590 3263 682 3347 Μοῖρ’
707 3264 870 3328 ἐπέκλωσεν
894 3266 1026 3346 ἐμπέδως
1051 3268 1137 3350 ἔχειν,

590 3389 713 3444 θνατῶν
735 3386 829 3442 τοῖσιν
852 3381 1026 3462 αὐτουργίαι

590 3495 777 3575 ξυμπέσωσιν
801 3496 930 3576 μάταιοι,

589 3615 650 3682 τοῖς
674 3607 821 3689 ὁμαρτεῖν,
845 3604 908 3689 ὄφρ’
936 3606 974 3669 ἂν

589 3732 646 3802 γᾶν
668 3720 795 3806 ὑπέλθῃ·
819 3722 926 3784 θανὼν
951 3720 977 3784 d’

590 3835 646 3896 οὐκ
668 3833 745 3916 ἄγαν
769 3832 933 3916 ἐλεύθερος.

279 3953 391 4026 Neque
414 3952 527 4010 vivum
557 3965 661 4022 neque
698 3952 864 4011 mortuum
896 3968 913 4012 e
945 3952 1097 4013 manibus
1125 3949 1298 4012 dimittunt
1321 3948 1516 4018 nocentem;

234 4068 399 4141 perpetuu,
434 4067 607 4138 postquam
649 4064 751 4125 semel
783 4066 909 4125 facinus
942 4068 1081 4140 impium
1117 4065 1302 4127 admissum
1338 4065 1398 4138 est,
1437 4075 1516 4124 eum

235 4180 472 4256 persequuntur
498 4181 531 4238 et
562 4178 696 4250 agitant.
722 4177 781 4253 Qui
805 4181 915 4239 autem
939 4180 987 4239 illi
1013 4182 1106 4241 tanto
1129 4180 1202 4240 odio
1226 4180 1383 4251 tantaque
1407 4189 1515 4250 poena

235 4294 323 4368 digni
354 4293 430 4368 sint,
461 4292 491 4351 si
520 4305 683 4366 rogamus
714 4291 822 4366 paullo
853 4294 929 4353 ante
960 4293 993 4353 in
1024 4295 1139 4354 eadem
1171 4291 1280 4352 fabula
1314 4303 1513 4364 responsum

237 4408 367 4467 exstare
391 4405 540 4465 videmus
564 4403 667 4475 (ilum.
694 4406 779 4475 269).

269 4645 288 4710 ¹)
307 4650 345 4696 cf.
363 4651 476 4709 γαιάοχος
492 4648 521 4695 0.
539 4649 568 4696 R.
588 4651 643 4697 160.
662 4655 819 4711 πολισσοῦχος
835 4651 927 4699 Aesoh.
945 4652 1016 4713 Sept.
1035 4652 1075 4708 69,
1095 4650 1151 4696 105.
1169 4649 1246 4696 Arist.
1263 4649 1310 4708 Eq.
1329 4648 1387 4695 581.
