3536 5068
916 224 934 282 6

294 383 538 444 ausdruckliche
569 385 799 444 Beweisstelle.
833 384 890 443 1111
911 390 1075 457 grbsserer
1099 382 1291 442 Zuversicht
1314 382 1400 442 laszt
1423 381 1491 442 sich
1514 381 1564 440 be·

293 497 445 573 haupten,
469 498 546 557 dass
564 497 615 556 die
634 512 735 570 ganne
757 496 974 570 Oompesitien
986 498 1043 556 des
1056 496 1195 570 Oedipus
1208 495 1427 570 aufKoleues
1441 494 1563 554 welche

293 610 367 670 den
398 610 527 669 durch
558 610 713 671 Leiden
744 626 792 670 zu
821 611 959 671 tiefen
990 610 1314 670 Gettesfrieden
1346 611 1563 683 eingegan·

293 737 426 796 gener
458 723 729 784 Sterblicheu
754 724 909 800 vorsiihrt,
939 725 1013 797 jene
1036 723 1256 796 Anschauung
1285 723 1491 796 nethweudig
1513 723 1565 782 bei

293 839 367 902 dem
390 839 521 898 Dichter
546 839 781 899 veraussetzt.”
806 842 887 913 (pag.
914 838 977 908 84).

338 952 386 1012 Dr.
418 951 458 1011 H.
484 965 547 1010 van
570 951 776 1012 Herwerden.
801 953 874 1011 Drie
899 950 1111 1025 Treurspelen
1135 964 1198 1010 van
1223 950 1405 1025 Sophocles
1429 950 1566 1010 Utrecht

296 1067 391 1140 1881,
417 1080 488 1138 pag.
515 1065 573 1125 58:
603 1065 669 1138 ,Na
692 1065 786 1138 lange
806 1064 1089 1137 rendzwervingen
1110 1063 1202 1123 kemt
1222 1064 1262 1138 hij
1285 1064 1444 1139 elndelijlr,
1465 1065 1566 1123 deor

293 1180 419 1254 liJ'den
441 1178 682 1255 gelouterd,
707 1179 741 1238 in
762 1179 801 1238 de
824 1179 922 1238 buurt
946 1193 1009 1238 van
1032 1178 1160 1237 Athene
1183 1178 1216 1237 te
1240 1177 1391 1250 Kolonos,
1413 1192 1501 1236 waar
1521 1178 1563 1250 hij

294 1294 333 1368 11]·
369 1293 425 1352 het
458 1292 556 1366 hellig
590 1293 684 1352 woud
718 1293 773 1352 der
807 1293 1015 1368 Eumeniden,
1049 1292 1254 1352 verzoend
1286 1294 1368 1351 met
1400 1292 1446 1352 de
1478 1292 1564 1364 god·

293 1407 407 1482 heid,
431 1421 490 1465 een
514 1406 599 1480 zalig
624 1405 715 1466 einde
740 1401 861 1467 vindt.‘'

338 1520 594 1581 Stoll-Mehler.
630 1521 807 1581 Handbeek
843 1521 898 1581 der
932 1521 1105 1581 Grielrsche
1149 1536 1190 1580 en
1223 1519 1565 1580 Remeinsche‘Gods·

294 1635 467 1695 dienstleer
498 1650 538 1694 01
569 1635 774 1711 Mytholegle,
808 1651 878 1710 pag.
907 1637 987 1696 170:
1016 1651 1075 1710 ,en
1098 1651 1152 1712 nu,
1177 1637 1262 1695 met
1284 1636 1330 1694 de
1354 1635 1566 1707 godlnnen

294 1748 520 1822 verzoend,
544 1748 622 1807 door
644 1749 682 1808 de
707 1748 776 1808 vele
801 1749 1002 1822 engelukken
1026 1748 1249 1822 geleuterd
1269 1763 1316 1807 en
1336 1747 1565 1820 geheiligd,

293 1863 396 1921 werdt
418 1862 460 1935 hij
486 1876 545 1921 een
568 1862 773 1921 beschernrer
797 1878 859 1921 van
884 1864 940 1922 het
964 1863 1112 1922 Attische
1135 1863 1242 1922 land.’'

337 1975 490 2034 Dubitare
520 1989 584 2033 nen
614 1991 798 2051 pessumus,
830 1977 913 2036 hanc
945 1977 974 2035 si
1006 1977 1172 2049 sequimur
1202 1976 1410 2036 sententiam.
1436 1974 1565 2047 Optime

294 2089 362 2148 iure
394 2088 543 2164 Oedipus,
575 2089 690 2163 quippe
722 2091 777 2162 qui
807 2092 939 2150 sanctus
963 2091 1099 2165 piusque
1127 2091 1170 2149 sit
1192 2091 1325 2163 ideoque
1348 2103 1446 2162 prave
1470 2102 1566 2161 agere

292 2203 442 2277 nequeat,
477 2201 543 2261 odit
576 2200 725 2275 levirum,
762 2203 829 2262 edit
857 2201 951 2278 111101,
984 2203 1049 2262 edit
1080 2205 1220 2278 patriam
1251 2206 1284 2263 et
1308 2202 1469 2262 cumillis
1493 2203 1565 2260 tum

293 2317 368 2376 huic
399 2314 508 2374 omnia
531 2315 727 2389 imprecatur
750 2315 847 2374 mala.
872 2315 981 2387 Neque
1006 2317 1075 2376 sine
1100 2331 1215 2390 causa;
1240 2315 1296 2376 filii
1322 2316 1437 2374 exsilio
1463 2315 1566 2388 patris

293 2445 356 2490 non
388 2428 590 2504 obstiterant,
622 2429 712 2503 levir,
747 2433 782 2487 ut
813 2429 1038 2505 expelleretur,
1070 2432 1181 2490 auctor
1207 2431 1322 2504 iuerat,
1347 2430 1435 2489 cives
1458 2443 1566 2488 nona

293 2543 354 2602 diis
385 2542 498 2616 coacti,
531 2543 658 2600 tantum
691 2541 779 2601 inani
810 2544 900 2602 metu
933 2543 983 2603 vel
1016 2544 1087 2604 odio
1118 2544 1251 2619 impulsi
1274 2559 1291 2603 e
1315 2542 1432 2602 finibus
1455 2558 1565 2616 regem

293 2656 493 2730 expulerant.
529 2655 660 2726 (Nauck.
692 2671 764 2728 pag.
800 2657 856 2716 15:
894 2657 960 2732 ,Da
990 2658 1106 2730 gerade
1138 2659 1241 2717 stessi
1271 2657 1326 2716 ihn
1359 2656 1458 2717 Oreon
1483 2657 1566 2715 ohne

291 2770 403 2830 Besehl
425 2749 701 2844 Apellens‘wider
721 2771 832 2830 seinen
857 2770 972 2830 Willeu
993 2772 1044 2831 ins
1067 2771 1149 2846 Eril,
1172 2775 1265 2832 unter
1278 2773 1351 2830 dem
1366 2771 1564 2830 Vorwande”
1616 2737 1623 2764 ’

292 2886 373 2952 etc).
407 2883 494 2958 Quod
522 2884 592 2942 tam
616 2897 711 2955 aegre
731 2883 774 2942 dil
797 2883 952 2959 tulerunt,
977 2885 1014 2942 ut
1036 2885 1105 2958 ipse
1130 2884 1244 2958 Apelle
1268 2886 1381 2958 postea
1405 2884 1565 2943 Thebanis

291 2998 470 3058 minaretur
501 3011 655 3069 magnam
684 2996 734 3071 iis,
771 2997 804 3055 11
836 2999 999 3074 caverent,
1032 2998 1071 3058 ob
1104 2997 1268 3057 immitem
1300 3013 1376 3070 erga
1406 2997 1561 3070 Oedipum

290 3113 405 3184 agendi
428 3111 588 3172 rationem
612 3111 737 3172 cladem
758 3111 913 3173 futuram.
933 3113 1047 3174 Videte
1067 3129 1138 3188 pag.
1163 3114 1220 3174 14:
1246 3113 1350 3188 „Jetzt
1369 3113 1564 3172 belremmen

290 3227 340 3285 die
364 3226 530 3286 Thebaner
555 3226 653 3284 durch
677 3226 814 3299 Apellen
838 3226 949 3303 selbst,
975 3228 1030 3288 der
1055 3228 1135 3287 doch
1159 3228 1244 3288 eiust
1267 3227 1484 3297 Verbannung
1506 3226 1564 3285 des

290 3340 535 3399 Vatermdrders
571 3339 667 3398 ihnen
704 3339 871 3414 auferlegt,
905 3341 955 3400 die
987 3341 1178 3415 Belehrung,
1211 3341 1287 3400 dass
1318 3341 1392 3399 dem
1424 3339 1564 3412 Oedipus

290 3454 389 3512 durch
425 3452 474 3512 die
507 3453 678 3525 spatere
709 3451 927 3525 Verbannung
959 3470 1000 3512 zu
1032 3454 1094 3514 viel
1125 3455 1306 3526 geschehen
1329 3455 1376 3514 sei
1399 3455 1465 3514 und
1488 3456 1564 3513 dass

289 3567 336 3626 sie
368 3567 423 3625 ihn
454 3565 567 3624 lebeed
599 3565 675 3623 eder
705 3565 753 3624 tot
783 3565 816 3623 in
847 3565 915 3625 ihre
948 3566 1073 3626 Oewalt
1100 3568 1231 3640 bringeri
1256 3573 1399 3642 mussen,
1424 3584 1482 3626 um
1505 3567 1564 3626 das

288 3681 474 3753 begangene
497 3677 642 3737 Unrecht
668 3693 708 3736 zu
732 3679 889 3738 sithnen.'’

333 3808 404 3867 pag.
440 3795 489 3853 15.
526 3794 657 3870 ,Dieses
683 3793 963 3866 eigenmachugen
988 3794 1146 3853 Schrittes
1169 3793 1281 3855 halber
1305 3795 1424 3867 zwingt
1447 3796 1564 3867 gerade

288 3907 424 3978 Apellen
444 3909 553 3981 spater
569 3908 620 3966 die
633 3907 800 3966 Thebaner
816 3906 885 3965 sich
900 3921 953 3965 um
968 3907 1029 3965 den
1042 3906 1294 3966 Misshandelten
1309 3923 1348 3966 zu
1362 3908 1562 3967 bewerben.”

332 4021 424 4078 Itane
455 4023 556 4080 vere?
588 4020 771 4080 Graecusne
803 4020 907 4095 poeta,
940 4023 1034 4093 poeta
1066 4021 1244 4096 piissimus
1269 4023 1392 4095 patriae
1416 4037 1560 4081 amorem

288 4148 350 4192 non
375 4133 470 4193 huius
491 4149 563 4193 esse
587 4134 770 4194 iaciendum
792 4133 914 4209 deceat,
936 4133 1020 4194 filios
1037 4135 1143 4194 odisse
1156 4135 1260 4207 iisque
1273 4136 1416 4209 pessima
1428 4134 1562 4206 quaevis

287 4247 458 4321 imprecari
489 4247 548 4306 viri
582 4247 679 4306 ducat
705 4248 981 4321 praestantissimi
1005 4249 1038 4308 et
1062 4263 1193 4307 summa
1217 4248 1311 4308 laude
1336 4248 1433 4325 digni,
1458 4264 1561 4322 neque

287 4362 351 4422 alia
374 4362 497 4422 ratione
520 4362 608 4435 piam
629 4364 841 4434 sanctamque
862 4363 1003 4422 hominis
1024 4365 1170 4422 11011011
1191 4362 1355 4423 illustrare
1375 4362 1479 4435 pessit
1499 4362 1563 4421 nisi

286 4477 357 4535 odie
389 4477 459 4536 eius
490 4478 523 4534 et
554 4477 730 4537 acerbitate
761 4477 794 4535 in
826 4477 971 4536 medium
1004 4477 1228 4549 proferendis?
1262 4478 1354 4536 Itane
1389 4476 1563 4550 sophocles

286 4588 355 4662 ipse
387 4590 425 4648 de
456 4589 561 4661 patria
592 4592 624 4647 et
655 4589 842 4663 propinquis
874 4604 909 4649 se
941 4589 1097 4648 meritum
1122 4604 1193 4648 esse
1220 4589 1561 4650 101101111001111
