3536 5068
815 295 856 359 65

666 457 762 520 δειναὶ
785 454 816 520 δ’
842 455 888 538 ἅμ’
915 457 1035 522 ἕπονται

665 583 752 655 κῆρες
775 572 985 653 ἀναπλύκητοι.

244 689 319 750 Ant.
346 690 430 749 1104
454 704 502 762 sq.

841 799 1037 881 συντέμνουσι
1058 801 1114 884 γὰρ

466 920 549 975 θεῶν
571 913 717 988 ποδώκεις
740 915 809 988 τούς
833 916 1024 995 κακόφρονας
1050 916 1166 996 βλόβαι.
1195 913 1225 988 ¹).

245 1028 365 1105 Quibus
395 1029 475 1091 rous
506 1031 620 1090 suatum
650 1017 845 1104 adiungendi
872 1033 950 1092 sunu
973 1031 1005 1107 u,
1029 1031 1085 1091 uu
1102 1025 1238 1111 Ἐρινύες
1262 1036 1343 1092 θεον
1366 1033 1469 1104 tarra

201 1143 252 1202 vel
274 1147 356 1202 θεῶν
375 1137 510 1223 Ἐρινύες
533 1144 683 1218 legimus,

243 1257 281 1316 In
304 1257 467 1330 Antigona
491 1257 633 1319 Tiresias
657 1258 786 1322 Creonti
808 1261 952 1321 minatur
976 1264 1035 1331 (va.
1063 1262 1175 1331 1074l2

511 1371 624 1432 τούτων
649 1388 680 1432 σε
702 1375 870 1454 λωβητῆρες
894 1373 1114 1454 ὑστεροφθόροι

511 1487 635 1563 λοχῶσιν
652 1483 758 1547 ’Ἅιδου
781 1485 832 1548 καὶ
855 1493 936 1547 θεῶν
956 1483 1102 1566 Ἐρινύες,
1223 1563 1228 1572 .

200 1601 234 1660 ot
253 1599 381 1660 Electra
403 1601 464 1660 hac
487 1599 620 1673 querela
643 1602 805 1662 cotidiana
827 1603 904 1663 deos
927 1602 1058 1662 invocat
1081 1605 1140 1672 (vs.
1168 1603 1259 1673 lidi:

557 1704 580 1773 ό)
605 1707 675 1791 δῶμ’
693 1709 799 1775 Ἅιδου
823 1712 873 1775 καλ
897 1715 1103 1795 Περσεφόνης,

556 1817 580 1886 όο
603 1820 697 1905 χθόνι’
719 1821 815 1908 Ἑρμῆ
839 1825 890 1888 καὶ
912 1823 1003 1888 πότνι’
1034 1825 1103 1908 ἀρά,

556 1939 664 2017 σεμναί
684 1961 714 2000 τε
737 1946 819 2002 θεῶν
841 1942 945 2014 παῖδες
964 1936 1112 2022 Ἐρινύες,

556 2054 590 2113 οδ
610 2052 681 2126 τούς
705 2051 816 2126 ἀδίκως
839 2053 1029 2139 θνήσκοντας
1053 2049 1151 2133 ὁρᾶθ’,

559 2169 592 2227 αἳ
614 2166 684 2239 τούς
708 2165 798 2240 εύνδις
821 2164 1109 2246 ύττοκλειιτομὲνους,

556 2276 647 2341 ἔλθετ’
672 2279 809 2362 ἀρήξατε,
831 2280 887 2342 κτὲ.

244 2396 383 2456 Versum
418 2397 480 2457 114
511 2396 633 2456 Person
656 2395 752 2472 delet,
777 2396 862 2473 quia,
887 2397 925 2456 ut
948 2397 1004 2472 ait,
1028 2411 1093 2455 non
1116 2396 1288 2455 Furiarum
1312 2396 1363 2456 est
1386 2395 1473 2456 adul·

200 2509 319 2569 terium
340 2510 461 2584 punire.
483 2509 567 2570 Sane
586 2523 650 2568 non
671 2511 723 2569 est
742 2510 827 2584 apud
847 2508 1057 2583 Aeschylum,
1079 2509 1163 2582 apud
1175 2523 1273 2582 quem
1286 2524 1326 2568 ne
1338 2524 1474 2568 uxorem

200 2622 341 2698 quidem,
369 2637 451 2696 quae
482 2622 610 2696 propter
641 2638 738 2682 suum
769 2622 966 2683 adulterium
992 2621 1147 2681 maritum
1171 2621 1347 2698 interemit,
1370 2636 1474 2695 perse-

200 2737 342 2808 quuntur
366 2736 440 2807 (vid.
465 2735 581 2796 Aesch.
606 2736 698 2796 Eum.
726 2737 789 2794 210
813 2751 883 2810 sqq.
909 2737 941 2794 ct
965 2735 1029 2796 608
1054 2739 1153 2810 sqq.);
1178 2735 1234 2795 sed
1262 2736 1301 2796 de
1321 2735 1475 2809 Sophocle

199 2863 263 2909 non
295 2849 383 2908 valet
412 2849 508 2926 idem,
540 2850 595 2923 qui
625 2849 703 2921 quin
737 2863 879 2924 versum,
912 2849 950 2908 de
974 2864 1037 2923 quo
1060 2849 1199 2921 agimus,
1224 2849 1390 2924 scripserit
1412 2865 1476 2910 nou

199 2962 319 3023 dubito.
359 2963 409 3022 Ad
444 2963 660 3037 suspicionem
696 2961 831 3022 Porsoni
865 2962 1076 3023 refellendam
1111 2978 1131 3023 a
1164 2963 1309 3024 Nauckio
1344 2964 1477 3024 affertur

200 3090 314 3135 versus
346 3076 398 3151 97,
427 3075 488 3151 cui,
513 3090 553 3135 ne
577 3074 711 3135 dubium
734 3076 946 3154 relinquatur,
969 3076 1041 3136 addi
1065 3079 1203 3150 possunt
1224 3093 1273 3137 vs.
1298 3077 1363 3138 493
1387 3092 1475 3150 sqq:

513 3186 638 3265 ήξει....
663 3185 771 3265 ἐρινύς.

508 3297 615 3381 ἄλεκτρ’
643 3299 769 3380 ύνυμφα
794 3301 850 3384 γὰρ
876 3301 968 3383 ἐπέβα
992 3301 1165 3381 μιαιφόνων

509 3414 613 3494 γάμων
636 3410 817 3494 ἁμιλλήμαθ’
845 3411 922 3477 οἷσιν
946 3415 982 3478 ού
1006 3413 1105 3495 θέμις,

196 3530 251 3590 ubi
286 3530 401 3591 Furiae
435 3532 564 3603 propter
598 3531 796 3592 adulterium
832 3534 988 3595 venturae
1020 3547 1094 3593 esse
1125 3548 1145 3592 a
1177 3531 1275 3614 choro
1304 3531 1414 3603 aperte
1446 3532 1478 3588 et

196 3643 369 3705 manifeste
393 3645 553 3721 dicuutur,
578 3647 611 3704 ot
635 3661 683 3705 vs.
711 3646 776 3707 275
801 3661 868 3720 sq:

508 3755 527 3836 ἢ
552 3753 578 3819 δ’
606 3751 663 3820 ὧδε
685 3760 806 3839 τλήμων
831 3761 903 3822 ὥστε
925 3771 964 3844 τῷ
988 3758 1124 3841 μιόστορι

508 3867 631 3950 ξύνεστ’,
653 3871 756 3952 ἐρινύν
782 3869 871 3935 ούτιν’
899 3870 1120 3952 ἐκφοβουμένη,

195 3985 250 4046 ubi
274 3985 534 4060 Clytaemnestra
556 3989 627 4047 tam
650 3987 761 4048 audax
785 3988 912 4064 dicitur,
933 3990 971 4047 ut
990 4003 1031 4049 ne
1051 3989 1145 4048 motu
1166 3985 1299 4060 quidem
1320 3982 1483 4072 vindictae

195 4100 339 4177 deorum,
374 4100 549 4174 quominus
580 4101 738 4176 Aegistho
774 4116 810 4162 se
845 4101 952 4175 dedat,
984 4102 1193 4173 impediatur.
1227 4097 1344 4158 Furiae
1374 4095 1483 4169 igitur,

195 4228 288 4289 quae,
318 4215 356 4273 ut
383 4214 531 4275 fraudem
554 4215 765 4290 ulciscantur,
790 4217 831 4277 ab
854 4216 954 4278 Aiace
979 4215 1185 4290 invocantur,
1211 4211 1264 4272 hic
1287 4207 1484 4270 adulterium

196 4341 321 4401 quoque
343 4329 457 4401 punire
479 4327 655 4402 finguntur.
676 4329 749 4389 Huc
769 4345 874 4404 usquo
893 4333 1008 4391 tamen
1028 4327 1146 4389 Furias
1167 4339 1265 4389 veras
1277 4325 1355 4385 deas
1367 4321 1486 4382 habere

228 4589 248 4656 ¹)
266 4594 425 4642 Vocabulum
452 4597 571 4660 „ssldssm”
592 4598 646 4645 iere
668 4598 738 4645 idem
762 4599 909 4659 significare
933 4600 1004 4658 quod
1026 4598 1130 4663 Ἐρινύες
1151 4596 1292 4651 nominem,
1309 4591 1355 4650 qui
1373 4601 1486 4650 vorsum,

193 4685 269 4732 quem
288 4675 420 4735 exscripsi,
438 4689 497 4724 curu
516 4689 592 4725 versu
612 4678 677 4725 10⁷8
695 4684 836 4738 comparet,
853 4677 936 4728 latare
955 4679 1049 4737 potest.

1391 4755 1405 4799 5
