3536 5068
886 228 928 287 88

271 405 344 448 rum
369 389 513 449 fabulam
536 404 600 449 non
624 390 713 464 prius
736 391 844 448 actam
869 404 942 448 esse
963 405 1004 448 ex
1025 390 1083 449 hoc
1097 390 1341 463 quoquepatet:
1363 387 1396 448 Si
1415 387 1451 448 S.
1466 388 1543 447 Her-

272 517 411 564 mannus
447 516 558 562 veram
589 502 850 562 narratiunculae
883 502 1040 575 originem
1072 502 1220 576 repperit,
1251 504 1284 561 et
1311 502 1545 575 Aristophanes

271 616 304 675 in
328 615 493 676 comoedia
524 615 664 688 quadam
696 614 885 689 Sophoclem
911 630 931 674 a
953 613 1020 674 filio
1044 616 1235 676 accusatum
1261 616 1392 675 nostrae
1416 614 1545 674 fabulae

272 729 448 789 Stasimum
479 743 527 788 vs.
560 728 624 789 668
656 743 724 801 sqq.
753 728 946 789 recitantem
975 729 1061 804 fecit,
1087 728 1246 788 comicum
1272 729 1358 788 hunc
1381 727 1422 787 ad
1445 727 1545 788 finem

272 842 472 915 tragoediam
493 841 640 916 elegisse,
661 856 743 913 quae
763 841 925 914 supremis
947 842 1034 902 vitae
1058 841 1170 902 diebus
1187 841 1336 915 Sophocli
1348 841 1382 901 in
1396 841 1547 900 manibus

272 957 369 1030 esset,
406 969 469 1015 non
500 953 615 1014 multis
646 955 719 1026 eget
751 953 856 1014 verbis
888 957 925 1013 ut
956 954 1205 1014 demonstretur.
1237 954 1422 1030 Tragoedia,
1447 968 1546 1026 quam

272 1072 342 1128 tum
362 1067 445 1128 forte
464 1068 634 1142 scribebat,
654 1082 718 1127 non
739 1066 848 1127 fabula
868 1067 991 1142 pridem
1014 1067 1141 1127 condita
1153 1083 1189 1128 se
1201 1083 1265 1127 non
1277 1067 1422 1141 desipere
1433 1070 1548 1141 poetea

273 1181 561 1241 demonstrandum
596 1182 676 1255 erat,
709 1182 746 1240 ut
777 1181 843 1239 iam
868 1179 952 1254 apud
977 1179 1163 1240 Ciceronem
1188 1181 1344 1254 legimus:
1373 1181 1547 1257 ,fabulam

274 1310 373 1368 quam
398 1294 583 1354 inmanibus
607 1293 746 1354 habebat
769 1295 803 1352 et
825 1293 972 1368 proxime
996 1295 1204 1368 scripserat.’'

317 1410 348 1478 4)
372 1408 505 1482 Propter
529 1406 673 1467 fabulam
693 1421 784 1470 anno
810 1407 875 1466 402
900 1407 1019 1467 actam.

319 1521 475 1581 Fabulam
499 1520 707 1593 quadriennio
730 1521 966 1593 postmortem
990 1522 1104 1594 poetae
1128 1523 1236 1581 aetam
1260 1536 1332 1581 esse
1357 1523 1487 1582 constat
1518 1514 1550 1602 1)Ἰ

277 1637 309 1695 et
340 1648 539 1708 quamquam
570 1633 735 1706 tragoedia
767 1633 834 1694 iam
858 1633 947 1707 prius
970 1633 1076 1694 doceri
1101 1634 1216 1709 potuit,
1241 1635 1345 1694 multo
1370 1635 1439 1694 veri
1462 1635 1550 1694 sirni-

277 1749 341 1809 lius
372 1749 432 1823 est,
453 1750 605 1820 nepotem
628 1747 774 1819 ignotam
800 1747 954 1821 fabulam,
979 1746 1105 1808 abavo
1130 1747 1272 1807 nondum
1297 1748 1337 1808 ad
1361 1747 1461 1808 finem
1485 1764 1550 1823 per·

277 1864 408 1923 ductam
433 1860 570 1933 dedisse,
595 1874 694 1932 quam
719 1861 826 1920 actam
851 1859 968 1932 egisse.

322 1976 396 2035 Tria
420 1975 497 2033 sunt
520 1973 721 2049 argumenta,
747 1973 863 2045 quibus
888 1973 948 2031 viri
972 1972 1056 2032 docti
1080 1973 1238 2048 nituntur,
1260 1975 1314 2047 qui
1334 1975 1477 2034 fabulam
1498 1976 1552 2035 diu

279 2092 354 2150 ante
377 2090 518 2149 mortem
542 2101 561 2146 a
585 2086 739 2161 Sophocle
762 2088 925 2148 conditam
949 2103 1023 2147 esse
1046 2087 1228 2149 declarant:

327 2205 354 2272 1)
378 2202 507 2276 propter
529 2215 644 2260 versus
667 2199 810 2260 limatos

325 2317 355 2386 2)
379 2316 507 2388 propter
526 2313 777 2374 Phoenissarum
800 2312 961 2386 Euripidis
984 2313 1121 2373 exitum.
1291 2391 1292 2394 Ἴ

325 2432 354 2498 3)
388 2427 557 2502 propterea
591 2427 674 2499 quod
706 2426 739 2485 in
770 2425 884 2500 primis
916 2426 957 2485 ad
987 2426 1111 2498 patriae
1144 2442 1218 2486 eum
1250 2428 1369 2487 Thebis
1392 2428 1553 2488 rationem

280 2542 507 2602 illustrandam
539 2543 572 2600 et
604 2541 806 2600 Athenarum
830 2539 967 2612 gloriam
992 2538 1217 2600 celebrandam
1243 2542 1415 2616 Sophocles
1440 2543 1554 2602 drama

280 2655 455 2729 scripserit.

323 2771 367 2828 At
398 2769 501 2843 primo
533 2767 602 2828 fieri
634 2769 741 2842 potest
773 2769 811 2827 ut
841 2781 995 2839 magnam
1029 2765 1156 2827 fabulae
1187 2770 1314 2841 partem
1346 2769 1435 2843 prius
1459 2772 1554 2843 poeta

280 2884 401 2958 fecerit,
433 2883 466 2942 et
496 2882 578 2942 alias
601 2883 714 2956 postea
738 2881 895 2941 addiderit
919 2895 1023 2953 neque
1047 2881 1222 2954 quidquam
1248 2883 1356 2942 obstat
1378 2883 1554 2956 quominus

280 2997 486 3071 perlongum
508 2995 664 3070 temporis
684 2996 827 3069 spatium
847 2995 880 3054 in
901 2995 1011 3055 fabula
1023 2997 1244 3069 componenda
1256 2981 1432 3070 occupatus
1445 2996 1552 3057 fuerit.

325 3111 407 3170 Tum
438 3124 502 3169 non
532 3109 658 3183 primus
689 3108 861 3184 Sophocles
893 3108 1051 3182 Oedipum
1081 3109 1114 3168 in
1145 3110 1255 3169 Attica
1285 3111 1452 3170 mortuum
1481 3125 1553 3170 esse

280 3225 374 3284 finxit
397 3223 453 3283 sed
477 3224 612 3296 uterque
636 3225 740 3297 poeta,
764 3237 846 3296 quae
871 3221 995 3295 antiqui
1018 3222 1228 3298 tradiderunt,
1253 3224 1385 3283 secutus
1413 3226 1472 3283 est.

325 3339 493 3397 Postremo
523 3337 688 3409 tragoedia
710 3351 772 3396 non
798 3336 885 3398 idem
909 3338 961 3396 est
982 3351 1020 3396 ao
1043 3336 1225 3410 comoedia,
1249 3337 1282 3396 in
1305 3336 1363 3397 illa
1384 3352 1448 3398 non
1470 3339 1552 3414 tam,

281 3467 379 3527 quam
397 3453 429 3511 in
443 3451 513 3526 hac,
526 3450 718 3525 respublica
731 3449 835 3524 valet3
850 3452 945 3524 poeta
958 3450 1080 3524 scribit,
1093 3451 1188 3523 poe'ta
1200 3464 1278 3509 sane
1290 3450 1413 3524 patriae
1426 3465 1552 3527 amans,

280 3567 337 3626 sed
360 3567 398 3642 is,
423 3565 477 3639 qui
502 3565 611 3625 omnia
634 3566 674 3624 ad
698 3565 778 3624 artis
801 3580 865 3624 non
889 3564 929 3624 ad
952 3565 999 3624 rei
1021 3564 1167 3638 publicae
1190 3564 1333 3624 rationes
1356 3563 1484 3626 referat.

324 3680 400 3741 Veri
430 3680 529 3752 igitur
560 3677 767 3737 simillimum
799 3679 849 3736 est
882 3710 921 3720 -
954 3692 1151 3751 quamquam
1184 3692 1249 3736 non
1280 3681 1386 3738 certas
1416 3694 1468 3738 res
1499 3694 1553 3738 me
1657 3671 1658 3678 '

279 3795 416 3870 tradere,
441 3795 497 3854 sed
522 3793 723 3854 coniecturas
749 3793 854 3852 iacere
879 3791 1033 3855 confiteor
1058 3807 1273 3866 -supremo
1297 3793 1384 3852 vitae
1407 3794 1552 3866 tempore

280 3909 312 3967 in
337 3907 496 3981 Oedipode
521 3906 657 3967 Coloneo
681 3906 848 3967 scribendo
872 3905 1062 3980 Sophoclem
1090 3905 1191 3967 fuisse
1219 3908 1422 3982 occupatum,
1446 3906 1493 3966 ita
1516 3909 1553 3966 ut

279 4023 349 4081 eius
373 4036 453 4096 opus
478 4021 632 4081 ultimum
657 4021 769 4080 nostra
793 4020 836 4080 sit
860 4019 1034 4093 tragoedia.

323 4135 451 4194 Scimus
482 4137 593 4194 autem
625 4132 806 4208 permultas
837 4132 963 4192 fabulas
994 4149 1014 4192 a
1044 4136 1140 4207 poeta
1172 4150 1244 4194 esse
1276 4133 1422 4209 scriptae,
1447 4133 1553 4193 itaut

277 4248 488 4308 temerarium
513 4247 557 4307 sit
580 4247 735 4322 statuere,
760 4262 835 4306 curn
859 4248 977 4307 ultima
1001 4248 1040 4307 ad
1064 4246 1163 4307 finem
1184 4250 1272 4308 esset
1292 4249 1456 4322 perducta,
1480 4249 1551 4306 tum

310 4523 331 4591 1)
348 4528 412 4574 Vide
436 4529 617 4586 argumentum
642 4527 754 4583 fabulae,
778 4526 848 4584 quod
870 4540 901 4573 ex
918 4526 1064 4573 Aristotelis
1082 4526 1172 4573 schola
1189 4526 1270 4582 fluxit,
1288 4528 1332 4586 qui
1350 4527 1456 4577 Athenis
1474 4527 1552 4574 doon-

276 4610 363 4656 mente
380 4605 413 4654 ad
430 4620 485 4655 rem
503 4606 632 4656 scenicam
650 4605 806 4667 pertinentia
823 4607 1000 4665 perscrutatus
1017 4607 1064 4652 est.
