<?xml version="1.0" encoding="UTF-8"?>
<!DOCTYPE html PUBLIC "-//W3C//DTD XHTML 1.0 Transitional//EN"
    "http://www.w3.org/TR/xhtml1/DTD/xhtml1-transitional.dtd">
<html xmlns="http://www.w3.org/1999/xhtml" xml:lang="en" lang="en">
 <head>
  <title>
</title>
<meta http-equiv="Content-Type" content="text/html;charset=utf-8" />
  <meta name='ocr-system' content='tesseract 3.04.00' />
  <meta name='ocr-capabilities' content='ocr_page ocr_carea ocr_par ocr_line ocrx_word'/>
</head>
<body>
  <div class='ocr_page' id='page_1' title='image "./desophoclisoedi00hooygoog_0113.png"; bbox 0 0 3536 5068; ppageno 0'>
   <div class='ocr_carea' id='block_1_1' title="bbox 314 568 920 805">
    <p class='ocr_par' dir='ltr' id='par_1_1' title="bbox 314 568 920 805">
     <span class='ocr_line' id='line_1_1' title="bbox 883 568 920 630; baseline 0.081 -3"><span class='ocrx_word' id='word_1_1' title='bbox 883 568 920 630; x_wconf 90' lang='lat' dir='ltr'><strong><em>V.</em></strong></span> 
     </span>
     <span class='ocr_line' id='line_1_2' title="bbox 314 727 664 805; baseline 0.011 -19"><span class='ocrx_word' id='word_1_2' title='bbox 314 727 456 801; x_wconf 79' lang='lat' dir='ltr'><strong>Thucyd.</strong></span> <span class='ocrx_word' id='word_1_3' title='bbox 479 727 524 787; x_wconf 85' lang='lat' dir='ltr'><strong><em>IV</em></strong></span> <span class='ocrx_word' id='word_1_4' title='bbox 549 729 600 805; x_wconf 78' lang='lat'><strong><em>73,</em></strong></span> <span class='ocrx_word' id='word_1_5' title='bbox 625 731 664 790; x_wconf 89' lang='lat'><strong><em>4:</em></strong></span> 
     </span>
    </p>
   </div>
   <div class='ocr_carea' id='block_1_2' title="bbox 270 837 1437 1035">
    <p class='ocr_par' dir='ltr' id='par_1_2' title="bbox 270 837 1437 1035">
     <span class='ocr_line' id='line_1_3' title="bbox 270 837 1437 924; baseline 0.004 -25"><span class='ocrx_word' id='word_1_6' title='bbox 270 837 310 912; x_wconf 80' lang='grc' dir='ltr'><strong><em>ὡς</em></strong></span> <span class='ocrx_word' id='word_1_7' title='bbox 333 838 559 920; x_wconf 79' lang='grc' dir='ltr'><strong><em>ἐκεκρατήσαντι</em></strong></span> <span class='ocrx_word' id='word_1_8' title='bbox 581 839 630 901; x_wconf 88' lang='grc' dir='ltr'><strong><em>καλ</em></strong></span> <span class='ocrx_word' id='word_1_9' title='bbox 654 851 713 902; x_wconf 85' lang='grc' dir='ltr'><strong><em>τῶν</em></strong></span> <span class='ocrx_word' id='word_1_10' title='bbox 737 843 908 921; x_wconf 75' lang='grc' dir='ltr'><strong><em>Ἀθηναίων</em></strong></span> <span class='ocrx_word' id='word_1_11' title='bbox 932 842 1029 906; x_wconf 77' lang='grc' dir='ltr'><strong><em>οὐκέτι</em></strong></span> <span class='ocrx_word' id='word_1_12' title='bbox 1053 842 1260 924; x_wconf 77' lang='grc' dir='ltr'><strong><em>ἐθελησάντων</em></strong></span> <span class='ocrx_word' id='word_1_13' title='bbox 1283 845 1437 924; x_wconf 84' lang='grc' dir='ltr'><strong><em>μάχεσθαι.</em></strong></span> 
     </span>
     <span class='ocr_line' id='line_1_4' title="bbox 315 954 741 1035; baseline 0.009 -21"><span class='ocrx_word' id='word_1_14' title='bbox 315 955 504 1030; x_wconf 79' lang='lat' dir='ltr'>legendum:</span> <span class='ocrx_word' id='word_1_15' title='bbox 530 954 741 1035; x_wconf 80' lang='grc' dir='ltr'><strong><em>ἐθελησόντων.</em></strong></span> 
     </span>
    </p>
   </div>
   <div class='ocr_carea' id='block_1_3' title="bbox 878 1170 931 1232">
    <p class='ocr_par' dir='ltr' id='par_1_3' title="bbox 878 1170 931 1232">
     <span class='ocr_line' id='line_1_5' title="bbox 878 1170 931 1232; baseline 0.019 -1"><span class='ocrx_word' id='word_1_16' title='bbox 878 1170 931 1232; x_wconf 90' lang='lat' dir='ltr'><strong><em>VI.</em></strong></span> 
     </span>
    </p>
   </div>
   <div class='ocr_carea' id='block_1_4' title="bbox 273 1331 1548 2549">
    <p class='ocr_par' dir='ltr' id='par_1_4' title="bbox 273 1331 1548 2549">
     <span class='ocr_line' id='line_1_6' title="bbox 316 1331 778 1406; baseline 0.009 -16"><span class='ocrx_word' id='word_1_17' title='bbox 316 1331 479 1405; x_wconf 78' lang='lat' dir='ltr'><strong>Aristoph.</strong></span> <span class='ocrx_word' id='word_1_18' title='bbox 503 1331 577 1392; x_wconf 81' lang='lat' dir='ltr'><strong>Pac.</strong></span> <span class='ocrx_word' id='word_1_19' title='bbox 602 1333 667 1391; x_wconf 83' lang='lat'><strong><em>834</em></strong></span> <span class='ocrx_word' id='word_1_20' title='bbox 690 1347 778 1406; x_wconf 83' lang='lat' dir='ltr'><strong>sqq.:</strong></span> 
     </span>
     <span class='ocr_line' id='line_1_7' title="bbox 408 1441 1132 1526; baseline 0.003 -22"><span class='ocrx_word' id='word_1_21' title='bbox 408 1445 489 1504; x_wconf 88' lang='lat' dir='ltr'><strong>OIK.</strong></span> <span class='ocrx_word' id='word_1_22' title='bbox 624 1441 673 1504; x_wconf 85' lang='grc' dir='ltr'><strong><em>καλ</em></strong></span> <span class='ocrx_word' id='word_1_23' title='bbox 696 1444 739 1517; x_wconf 86' lang='grc' dir='ltr'><strong><em>τίς</em></strong></span> <span class='ocrx_word' id='word_1_24' title='bbox 763 1443 839 1505; x_wconf 89' lang='grc' dir='ltr'><strong><em>ἐστιν</em></strong></span> <span class='ocrx_word' id='word_1_25' title='bbox 860 1442 951 1526; x_wconf 76' lang='grc' dir='ltr'><strong><em>άστηρ</em></strong></span> <span class='ocrx_word' id='word_1_26' title='bbox 974 1453 1033 1506; x_wconf 75' lang='grc' dir='ltr'><strong><em>νῦν</em></strong></span> <span class='ocrx_word' id='word_1_27' title='bbox 1057 1444 1121 1506; x_wconf 86' lang='grc' dir='ltr'><strong><em>ἐκεῖ</em></strong></span> <span class='ocrx_word' id='word_1_28' title='bbox 1124 1469 1132 1520; x_wconf 88' lang='grc'><strong>;</strong></span> 
     </span>
     <span class='ocr_line' id='line_1_8' title="bbox 408 1554 1156 1640; baseline 0.005 -24"><span class='ocrx_word' id='word_1_29' title='bbox 408 1560 489 1617; x_wconf 77' lang='grc' dir='ltr'><strong><em>ΤΡΥ.</em></strong></span> <span class='ocrx_word' id='word_1_30' title='bbox 551 1554 621 1618; x_wconf 85' lang='grc' dir='ltr'><strong><em>Ἴων</em></strong></span> <span class='ocrx_word' id='word_1_31' title='bbox 645 1554 661 1618; x_wconf 79' lang='grc' dir='ltr'><em>ὃ</em></span> <span class='ocrx_word' id='word_1_32' title='bbox 685 1561 768 1638; x_wconf 82' lang='grc' dir='ltr'><strong><em>Χῖος,</em></strong></span> <span class='ocrx_word' id='word_1_33' title='bbox 792 1557 881 1640; x_wconf 77' lang='grc' dir='ltr'><strong><em>ὅσπερ</em></strong></span> <span class='ocrx_word' id='word_1_34' title='bbox 905 1558 1043 1638; x_wconf 77' lang='grc' dir='ltr'><strong><em>ἐποίησεν</em></strong></span> <span class='ocrx_word' id='word_1_35' title='bbox 1065 1560 1156 1622; x_wconf 87' lang='grc' dir='ltr'><strong><em>ττάλαι</em></strong></span> 
     </span>
     <span class='ocr_line' id='line_1_9' title="bbox 415 1663 1332 1753; baseline 0.004 -22"><span class='ocrx_word' id='word_1_36' title='bbox 415 1663 418 1669; x_wconf 63' lang='grc'><strong>’</strong></span> <span class='ocrx_word' id='word_1_37' title='bbox 561 1670 670 1733; x_wconf 80' lang='grc' dir='ltr'><strong><em>ἐνθάδε</em></strong></span> <span class='ocrx_word' id='word_1_38' title='bbox 693 1671 745 1734; x_wconf 90' lang='grc' dir='ltr'><strong><em>τὸν</em></strong></span> <span class='ocrx_word' id='word_1_39' title='bbox 769 1672 864 1735; x_wconf 64' lang='lat' dir='ltr'><strong><em>mariv</em></strong></span> <span class='ocrx_word' id='word_1_40' title='bbox 888 1669 970 1734; x_wconf 80' lang='grc' dir='ltr'><strong><em>ποθ’·</em></strong></span> <span class='ocrx_word' id='word_1_41' title='bbox 994 1671 1034 1748; x_wconf 80' lang='grc' dir='ltr'><strong><em>ὡς</em></strong></span> <span class='ocrx_word' id='word_1_42' title='bbox 1059 1669 1087 1733; x_wconf 78' lang='grc' dir='ltr'><strong><em>δ’</em></strong></span> <span class='ocrx_word' id='word_1_43' title='bbox 1114 1666 1194 1753; x_wconf 73' lang='grc' dir='ltr'><strong><em>ἦλθ’,</em></strong></span> <span class='ocrx_word' id='word_1_44' title='bbox 1218 1672 1332 1748; x_wconf 80' lang='grc' dir='ltr'><strong><em>εὐθέως</em></strong></span> 
     </span>
     <span class='ocr_line' id='line_1_10' title="bbox 562 1785 1189 1868; baseline 0.003 -22"><span class='ocrx_word' id='word_1_45' title='bbox 562 1790 656 1847; x_wconf 77' lang='grc' dir='ltr'><strong><em>Άοῖον</em></strong></span> <span class='ocrx_word' id='word_1_46' title='bbox 679 1785 772 1848; x_wconf 81' lang='grc' dir='ltr'><strong><em>αὐτὸν</em></strong></span> <span class='ocrx_word' id='word_1_47' title='bbox 794 1787 902 1861; x_wconf 81' lang='grc' dir='ltr'><strong><em>πάντες</em></strong></span> <span class='ocrx_word' id='word_1_48' title='bbox 925 1785 1051 1849; x_wconf 77' lang='grc' dir='ltr'><strong><em>ἐκάλουν</em></strong></span> <span class='ocrx_word' id='word_1_49' title='bbox 1074 1785 1189 1868; x_wconf 74' lang='grc' dir='ltr'><strong><em>ἀστέρα.</em></strong></span> 
     </span>
     <span class='ocr_line' id='line_1_11' title="bbox 317 1901 583 1974; baseline 0.008 -14"><span class='ocrx_word' id='word_1_50' title='bbox 317 1901 490 1974; x_wconf 77' lang='lat' dir='ltr'>legendum</span> <span class='ocrx_word' id='word_1_51' title='bbox 514 1902 583 1963; x_wconf 78' lang='lat' dir='ltr'><strong>est:</strong></span> 
     </span>
     <span class='ocr_line' id='line_1_12' title="bbox 409 2013 1146 2097; baseline 0.003 -22"><span class='ocrx_word' id='word_1_52' title='bbox 409 2016 489 2075; x_wconf 86' lang='lat' dir='ltr'><strong>OIK.</strong></span> <span class='ocrx_word' id='word_1_53' title='bbox 646 2013 696 2075; x_wconf 83' lang='grc' dir='ltr'><strong><em>καὶ</em></strong></span> <span class='ocrx_word' id='word_1_54' title='bbox 718 2015 761 2088; x_wconf 83' lang='grc' dir='ltr'><strong><em>τίς</em></strong></span> <span class='ocrx_word' id='word_1_55' title='bbox 785 2013 863 2076; x_wconf 79' lang='grc' dir='ltr'><strong><em>ἐστιν</em></strong></span> <span class='ocrx_word' id='word_1_56' title='bbox 885 2013 977 2097; x_wconf 81' lang='grc' dir='ltr'><strong><em>άστὴρ</em></strong></span> <span class='ocrx_word' id='word_1_57' title='bbox 1000 2024 1059 2077; x_wconf 81' lang='grc' dir='ltr'><strong><em>νῦν</em></strong></span> <span class='ocrx_word' id='word_1_58' title='bbox 1082 2014 1146 2077; x_wconf 81' lang='grc' dir='ltr'><strong><em>ἐκεῖ</em></strong></span> 
     </span>
     <span class='ocr_line' id='line_1_13' title="bbox 509 2121 1263 2209; baseline 0.001 -19"><span class='ocrx_word' id='word_1_59' title='bbox 509 2126 580 2190; x_wconf 83' lang='grc' dir='ltr'><strong><em>Ἴων</em></strong></span> <span class='ocrx_word' id='word_1_60' title='bbox 604 2126 619 2190; x_wconf 87' lang='grc' dir='ltr'><strong>ὁ</strong></span> <span class='ocrx_word' id='word_1_61' title='bbox 644 2133 733 2204; x_wconf 84' lang='grc' dir='ltr'><strong><em>Χῖος;</em></strong></span> <span class='ocrx_word' id='word_1_62' title='bbox 759 2134 841 2190; x_wconf 71' lang='grc' dir='ltr'><strong><em>ΤΡΥ.</em></strong></span> <span class='ocrx_word' id='word_1_63' title='bbox 865 2129 959 2204; x_wconf 55' lang='lat' dir='ltr'><strong>&lt;Icum</strong></span> <span class='ocrx_word' id='word_1_64' title='bbox 984 2127 1023 2202; x_wconf 78' lang='grc' dir='ltr'><strong><em>ὡς</em></strong></span> <span class='ocrx_word' id='word_1_65' title='bbox 1046 2121 1126 2209; x_wconf 73' lang='grc' dir='ltr'><strong><em>ἦλθ’,</em></strong></span> <span class='ocrx_word' id='word_1_66' title='bbox 1148 2127 1263 2202; x_wconf 79' lang='grc' dir='ltr'><strong><em>εὐθέως</em></strong></span> 
     </span>
     <span class='ocr_line' id='line_1_14' title="bbox 518 2241 1147 2323; baseline -0.002 -19"><span class='ocrx_word' id='word_1_67' title='bbox 518 2247 613 2304; x_wconf 74' lang='grc' dir='ltr'><strong><em>Ὰοῖον</em></strong></span> <span class='ocrx_word' id='word_1_68' title='bbox 636 2242 729 2305; x_wconf 79' lang='grc' dir='ltr'><strong><em>αὐτὸν</em></strong></span> <span class='ocrx_word' id='word_1_69' title='bbox 752 2245 859 2316; x_wconf 76' lang='grc' dir='ltr'><strong><em>πάντες</em></strong></span> <span class='ocrx_word' id='word_1_70' title='bbox 883 2242 1008 2305; x_wconf 79' lang='grc' dir='ltr'><strong><em>ἐκάλουν</em></strong></span> <span class='ocrx_word' id='word_1_71' title='bbox 1031 2241 1147 2323; x_wconf 81' lang='grc' dir='ltr'><strong><em>ἀστέρα.</em></strong></span> 
     </span>
     <span class='ocr_line' id='line_1_15' title="bbox 318 2357 1548 2435; baseline 0 -18"><span class='ocrx_word' id='word_1_72' title='bbox 318 2357 423 2418; x_wconf 80' lang='lat' dir='ltr'><strong>Verba</strong></span> <span class='ocrx_word' id='word_1_73' title='bbox 463 2358 569 2419; x_wconf 80' lang='lat' dir='ltr'>deleta</span> <span class='ocrx_word' id='word_1_74' title='bbox 612 2359 821 2435; x_wconf 72' lang='lat' dir='ltr'>scholiastae,</span> <span class='ocrx_word' id='word_1_75' title='bbox 864 2359 919 2433; x_wconf 88' lang='lat' dir='ltr'><strong><em>qui</em></strong></span> <span class='ocrx_word' id='word_1_76' title='bbox 953 2359 1196 2435; x_wconf 74' lang='lat' dir='ltr'><strong>interpretatur,</strong></span> <span class='ocrx_word' id='word_1_77' title='bbox 1236 2374 1300 2418; x_wconf 85' lang='lat' dir='ltr'><strong><em>non</em></strong></span> <span class='ocrx_word' id='word_1_78' title='bbox 1334 2360 1456 2434; x_wconf 72' lang='lat' dir='ltr'><strong>poetae,</strong></span> <span class='ocrx_word' id='word_1_79' title='bbox 1491 2359 1548 2431; x_wconf 88' lang='lat' dir='ltr'><strong><em>qui</em></strong></span> 
     </span>
     <span class='ocr_line' id='line_1_16' title="bbox 273 2473 519 2549; baseline 0.004 -17"><span class='ocrx_word' id='word_1_80' title='bbox 273 2473 408 2549; x_wconf 79' lang='lat' dir='ltr'><strong>iocatur,</strong></span> <span class='ocrx_word' id='word_1_81' title='bbox 432 2473 519 2533; x_wconf 74' lang='lat' dir='ltr'><strong>sunt.</strong></span> 
     </span>
    </p>
   </div>
   <div class='ocr_carea' id='block_1_5' title="bbox 874 2673 943 2733">
    <p class='ocr_par' dir='ltr' id='par_1_5' title="bbox 874 2673 943 2733">
     <span class='ocr_line' id='line_1_17' title="bbox 874 2673 943 2733; baseline 0.014 -1"><span class='ocrx_word' id='word_1_82' title='bbox 874 2673 943 2733; x_wconf 87' lang='lat' dir='ltr'><strong>VII.</strong></span> 
     </span>
    </p>
   </div>
   <div class='ocr_carea' id='block_1_6' title="bbox 317 2835 1273 3252">
    <p class='ocr_par' dir='ltr' id='par_1_6' title="bbox 317 2835 1273 3252">
     <span class='ocr_line' id='line_1_18' title="bbox 317 2835 702 2910; baseline 0.003 -14"><span class='ocrx_word' id='word_1_83' title='bbox 317 2835 424 2910; x_wconf 85' lang='lat' dir='ltr'><strong>Eurip.</strong></span> <span class='ocrx_word' id='word_1_84' title='bbox 449 2835 617 2896; x_wconf 82' lang='lat' dir='ltr'><strong>Phoeniss.</strong></span> <span class='ocrx_word' id='word_1_85' title='bbox 643 2837 702 2897; x_wconf 84' lang='lat'><strong><em>61:</em></strong></span> 
     </span>
     <span class='ocr_line' id='line_1_19' title="bbox 541 2945 1273 3028; baseline -0.004 -18"><span class='ocrx_word' id='word_1_86' title='bbox 541 2948 582 3021; x_wconf 82' lang='grc' dir='ltr'><strong><em>εἰς</em></strong></span> <span class='ocrx_word' id='word_1_87' title='bbox 607 2945 716 3028; x_wconf 80' lang='grc' dir='ltr'><strong>’ὄμμαθ’</strong></span> <span class='ocrx_word' id='word_1_88' title='bbox 740 2948 834 3010; x_wconf 76' lang='grc' dir='ltr'><strong><em>αὑτοῦ</em></strong></span> <span class='ocrx_word' id='word_1_89' title='bbox 859 2948 959 3010; x_wconf 79' lang='grc' dir='ltr'><strong><em>δεινὸν</em></strong></span> <span class='ocrx_word' id='word_1_90' title='bbox 983 2947 1119 3028; x_wconf 80' lang='grc' dir='ltr'><strong><em>ἐμβάλλει</em></strong></span> <span class='ocrx_word' id='word_1_91' title='bbox 1142 2947 1217 3026; x_wconf 83' lang='grc' dir='ltr'><strong><em>φόν</em></strong></span> <span class='ocrx_word' id='word_1_92' title='bbox 1230 2970 1273 3009; x_wconf 91' lang='grc' dir='ltr'><strong><em>ον</em></strong></span> 
     </span>
     <span class='ocr_line' id='line_1_20' title="bbox 539 3061 1194 3144; baseline 0.003 -22"><span class='ocrx_word' id='word_1_93' title='bbox 539 3062 730 3144; x_wconf 80' lang='grc' dir='ltr'><strong><em>χρυσηλάτοις</em></strong></span> <span class='ocrx_word' id='word_1_94' title='bbox 753 3063 916 3144; x_wconf 76' lang='grc' dir='ltr'><strong><em>πόρπαισιν</em></strong></span> <span class='ocrx_word' id='word_1_95' title='bbox 939 3061 1065 3143; x_wconf 73' lang='grc' dir='ltr'><strong><em>αἱμάξας</em></strong></span> <span class='ocrx_word' id='word_1_96' title='bbox 1094 3061 1194 3143; x_wconf 84' lang='grc' dir='ltr'><strong><em>κόρας.</em></strong></span> 
     </span>
     <span class='ocr_line' id='line_1_21' title="bbox 317 3174 619 3252; baseline -0.01 -13"><span class='ocrx_word' id='word_1_97' title='bbox 317 3179 445 3252; x_wconf 74' lang='lat' dir='ltr'><strong>legatur</strong></span> <span class='ocrx_word' id='word_1_98' title='bbox 468 3174 619 3238; x_wconf 78' lang='grc' dir='ltr'><strong><em>σκότον.</em></strong></span> 
     </span>
    </p>
   </div>
   <div class='ocr_carea' id='block_1_7' title="bbox 867 3389 954 3450">
    <p class='ocr_par' dir='ltr' id='par_1_7' title="bbox 867 3389 954 3450">
     <span class='ocr_line' id='line_1_22' title="bbox 867 3389 954 3450; baseline 0.023 -2"><span class='ocrx_word' id='word_1_99' title='bbox 867 3389 954 3450; x_wconf 90' lang='lat' dir='ltr'><strong>VIII.</strong></span> 
     </span>
    </p>
   </div>
   <div class='ocr_carea' id='block_1_8' title="bbox 318 3555 1280 3747">
    <p class='ocr_par' dir='ltr' id='par_1_8' title="bbox 318 3555 1280 3747">
     <span class='ocr_line' id='line_1_23' title="bbox 318 3555 706 3630; baseline 0 -14"><span class='ocrx_word' id='word_1_100' title='bbox 318 3555 463 3630; x_wconf 84' lang='lat' dir='ltr'><strong>Sophocl.</strong></span> <span class='ocrx_word' id='word_1_101' title='bbox 488 3555 598 3630; x_wconf 74' lang='lat' dir='ltr'><strong>Antig.</strong></span> <span class='ocrx_word' id='word_1_102' title='bbox 624 3555 706 3616; x_wconf 82' lang='lat'><strong>648:</strong></span> 
     </span>
     <span class='ocr_line' id='line_1_24' title="bbox 519 3659 1280 3747; baseline -0.005 -19"><span class='ocrx_word' id='word_1_103' title='bbox 519 3667 559 3747; x_wconf 84' lang='grc' dir='ltr'><strong><em>μή</em></strong></span> <span class='ocrx_word' id='word_1_104' title='bbox 583 3668 641 3730; x_wconf 82' lang='grc' dir='ltr'><strong><em>νύν</em></strong></span> <span class='ocrx_word' id='word_1_105' title='bbox 663 3662 724 3728; x_wconf 81' lang='grc' dir='ltr'><strong><em>κοτ’</em></strong></span> <span class='ocrx_word' id='word_1_106' title='bbox 751 3659 775 3728; x_wconf 83' lang='grc' dir='ltr'><em>ὦ</em></span> <span class='ocrx_word' id='word_1_107' title='bbox 798 3672 858 3726; x_wconf 83' lang='grc' dir='ltr'><strong><em>τταῖ</em></strong></span> <span class='ocrx_word' id='word_1_108' title='bbox 876 3665 927 3738; x_wconf 83' lang='grc' dir='ltr'><strong><em>τὰς</em></strong></span> <span class='ocrx_word' id='word_1_109' title='bbox 954 3663 1067 3746; x_wconf 81' lang='grc' dir='ltr'><strong><em>φρένας</em></strong></span> <span class='ocrx_word' id='word_1_110' title='bbox 1090 3659 1141 3742; x_wconf 75' lang='grc' dir='ltr'><strong><em>ὑφ’</em></strong></span> <span class='ocrx_word' id='word_1_111' title='bbox 1167 3660 1280 3742; x_wconf 77' lang='grc' dir='ltr'><strong><em>ἡδονῆς</em></strong></span> 
     </span>
    </p>
   </div>
   <div class='ocr_carea' id='block_1_9' title="bbox 318 3776 1190 3980">
    <p class='ocr_par' dir='ltr' id='par_1_9' title="bbox 318 3776 1190 3980">
     <span class='ocr_line' id='line_1_25' title="bbox 517 3776 1190 3864; baseline -0.009 -21"><span class='ocrx_word' id='word_1_112' title='bbox 517 3781 659 3863; x_wconf 76' lang='grc' dir='ltr'><strong><em>γυναικὸς</em></strong></span> <span class='ocrx_word' id='word_1_113' title='bbox 683 3776 767 3842; x_wconf 78' lang='grc' dir='ltr'><strong><em>εἵνεκ’</em></strong></span> <span class='ocrx_word' id='word_1_114' title='bbox 793 3779 929 3864; x_wconf 85' lang='grc' dir='ltr'><strong><em>ἐκβάλης,</em></strong></span> <span class='ocrx_word' id='word_1_115' title='bbox 951 3777 1036 3852; x_wconf 80' lang='grc' dir='ltr'><strong><em>εἰδὼς</em></strong></span> <span class='ocrx_word' id='word_1_116' title='bbox 1064 3777 1108 3840; x_wconf 81' lang='grc' dir='ltr'><strong><em>ὅτι</em></strong></span> <span class='ocrx_word' id='word_1_117' title='bbox 1119 3824 1190 3839; x_wconf 90' lang='grc'><strong>.....</strong></span> 
     </span>
     <span class='ocr_line' id='line_1_26' title="bbox 318 3895 635 3980; baseline -0.009 -19"><span class='ocrx_word' id='word_1_118' title='bbox 318 3901 389 3975; x_wconf 81' lang='lat' dir='ltr'>lege</span> <span class='ocrx_word' id='word_1_119' title='bbox 413 3898 487 3980; x_wconf 80' lang='grc' dir='ltr'><strong><em>πρὸς</em></strong></span> <span class='ocrx_word' id='word_1_120' title='bbox 509 3895 635 3978; x_wconf 77' lang='grc' dir='ltr'><strong><em>ἡδονήν.</em></strong></span> 
     </span>
    </p>
   </div>
   <div class='ocr_carea' id='block_1_10' title="bbox 881 4109 938 4170">
    <p class='ocr_par' dir='ltr' id='par_1_10' title="bbox 881 4109 938 4170">
     <span class='ocr_line' id='line_1_27' title="bbox 881 4109 938 4170; baseline 0 0"><span class='ocrx_word' id='word_1_121' title='bbox 881 4109 938 4170; x_wconf 89' lang='grc' dir='ltr'><strong><em>ΙΧ.</em></strong></span> 
     </span>
    </p>
   </div>
   <div class='ocr_carea' id='block_1_11' title="bbox 317 4299 1258 4722">
    <p class='ocr_par' dir='ltr' id='par_1_11' title="bbox 317 4299 1258 4722">
     <span class='ocr_line' id='line_1_28' title="bbox 318 4299 932 4376; baseline -0.01 -12"><span class='ocrx_word' id='word_1_122' title='bbox 318 4302 469 4376; x_wconf 78' lang='lat' dir='ltr'><strong>Aeschyl.</strong></span> <span class='ocrx_word' id='word_1_123' title='bbox 495 4302 582 4376; x_wconf 81' lang='lat' dir='ltr'><strong>sept.</strong></span> <span class='ocrx_word' id='word_1_124' title='bbox 606 4301 678 4361; x_wconf 76' lang='lat' dir='ltr'>adv.</span> <span class='ocrx_word' id='word_1_125' title='bbox 702 4299 800 4362; x_wconf 79' lang='lat' dir='ltr'><strong>Theb.</strong></span> <span class='ocrx_word' id='word_1_126' title='bbox 829 4299 932 4358; x_wconf 84' lang='lat'>1015:</span> 
     </span>
     <span class='ocr_line' id='line_1_29' title="bbox 585 4406 1258 4492; baseline -0.009 -17"><span class='ocrx_word' id='word_1_127' title='bbox 585 4412 624 4488; x_wconf 84' lang='grc' dir='ltr'><strong><em>ὡς</em></strong></span> <span class='ocrx_word' id='word_1_128' title='bbox 648 4409 705 4475; x_wconf 81' lang='grc' dir='ltr'><strong><em>ὄντ’</em></strong></span> <span class='ocrx_word' id='word_1_129' title='bbox 732 4411 920 4492; x_wconf 78' lang='grc' dir='ltr'><strong><em>ἀναστατῆρα</em></strong></span> <span class='ocrx_word' id='word_1_130' title='bbox 948 4410 1110 4490; x_wconf 80' lang='grc' dir='ltr'><strong><em>Καδμείων</em></strong></span> <span class='ocrx_word' id='word_1_131' title='bbox 1137 4406 1258 4488; x_wconf 81' lang='grc' dir='ltr'><strong><em>χθονός,</em></strong></span> 
     </span>
     <span class='ocr_line' id='line_1_30' title="bbox 586 4522 1195 4607; baseline -0.013 -17"><span class='ocrx_word' id='word_1_132' title='bbox 586 4528 613 4590; x_wconf 83' lang='grc' dir='ltr'><strong><em>εἰ</em></strong></span> <span class='ocrx_word' id='word_1_133' title='bbox 634 4527 674 4607; x_wconf 81' lang='grc' dir='ltr'><strong><em>μὴ</em></strong></span> <span class='ocrx_word' id='word_1_134' title='bbox 694 4533 775 4589; x_wconf 82' lang='grc' dir='ltr'><strong><em>θεῶν</em></strong></span> <span class='ocrx_word' id='word_1_135' title='bbox 798 4549 841 4598; x_wconf 86' lang='grc' dir='ltr'><strong><em>τις</em></strong></span> <span class='ocrx_word' id='word_1_136' title='bbox 865 4524 1004 4604; x_wconf 78' lang='grc' dir='ltr'><strong><em>ἐμποδῶν</em></strong></span> <span class='ocrx_word' id='word_1_137' title='bbox 1029 4523 1096 4602; x_wconf 76' lang='grc' dir='ltr'><strong><em>ἔστη</em></strong></span> <span class='ocrx_word' id='word_1_138' title='bbox 1121 4522 1195 4603; x_wconf 81' lang='grc' dir='ltr'><strong><em>δορί.</em></strong></span> 
     </span>
     <span class='ocr_line' id='line_1_31' title="bbox 317 4638 917 4722; baseline -0.013 -15"><span class='ocrx_word' id='word_1_139' title='bbox 317 4646 509 4722; x_wconf 82' lang='lat' dir='ltr'>legendum:</span> <span class='ocrx_word' id='word_1_140' title='bbox 534 4642 573 4717; x_wconf 83' lang='grc' dir='ltr'><strong><em>ὡς</em></strong></span> <span class='ocrx_word' id='word_1_141' title='bbox 598 4638 654 4704; x_wconf 83' lang='grc' dir='ltr'><strong><em>ὄντ’</em></strong></span> <span class='ocrx_word' id='word_1_142' title='bbox 681 4640 719 4702; x_wconf 77' lang='grc' dir='ltr'><strong><em>άν</em></strong></span> <span class='ocrx_word' id='word_1_143' title='bbox 742 4639 917 4720; x_wconf 78' lang='grc' dir='ltr'><strong><em>άνστατῆρα.</em></strong></span> 
     </span>
    </p>
   </div>
   <div class='ocr_carea' id='block_1_12' title="bbox 0 0 1779 5068">
    <p class='ocr_par' dir='ltr' id='par_1_12' title="bbox 0 0 1779 5068">
     <span class='ocr_line' id='line_1_32' title="bbox 0 0 1779 5068; baseline 0 0"><span class='ocrx_word' id='word_1_144' title='bbox 0 0 1779 5068; x_wconf 95' lang='lat' dir='ltr'><strong><em> </em></strong></span> 
     </span>
    </p>
   </div>
  </div>
 </body>
</html>
