3536 5068
803 267 864 330 103

194 453 447 515 Schlachtfeldes
470 454 650 532 beflndliah,
675 456 776 516 uther
800 455 956 516 erltutert
981 455 1080 515 durch
1105 454 1188 516 aliae
1212 452 1276 515 alia
1298 455 1332 515 in
1353 456 1466 529 parte).

197 565 370 640 „Diversae
400 567 564 642 legiones”
598 568 760 642 signifieat
792 568 972 629 exereitum
1000 582 1064 628 non
1089 569 1126 628 ut
1149 568 1231 628 ratio
1259 568 1398 641 ordoque
1422 567 1469 628 rei

74 721 91 750 .,
195 679 347 740 militaris
371 680 433 741 fert
455 682 644 758 instructus,
669 683 727 743 sed
749 683 842 743 cuius
862 682 926 742 alia
945 697 1021 756 pars
1042 682 1103 742 huc
1124 681 1188 742 alia
1206 681 1283 742 illue
1304 696 1400 741 versa
1420 683 1470 742 est

196 795 276 863 (met
302 794 515 856 verschillend
540 796 646 866 frent).

799 1036 872 1096 XX.

242 1242 287 1302 IV
311 1243 419 1306 Cicero
441 1261 508 1320 pm.
533 1246 568 1306 P.
593 1245 699 1307 Sestio
721 1243 741 1322 ἓ
767 1246 826 1308 79:

240 1357 341 1430 Atqui
364 1373 404 1419 ne
429 1374 471 1419 ex
491 1373 528 1419 eo
547 1359 677 1432 quidem
698 1360 843 1433 tempore
865 1359 896 1419 id
916 1359 982 1432 egit
1001 1359 1137 1435 Sestius,
1158 1360 1195 1418 ut
1207 1373 1226 1418 a
1239 1357 1308 1417 suis
1322 1357 1469 1418 munitus

195 1471 266 1531 tuto
290 1471 324 1531 in
347 1471 415 1532 foro
439 1472 670 1546 magistratum
694 1474 829 1549 gereret,
854 1488 925 1532 rem
949 1472 1111 1547 publicam
1136 1471 1390 1533 administraret.

240 1584 317 1645 Dele
344 1585 595 1662 „magistratum
617 1587 775 1660 gereret.”

788 1849 877 1932 auu.

244 2057 400 2120 Horatius
423 2061 487 2120 Ars
512 2061 651 2137 Poetiea,
675 2077 723 2122 vs.
738 2059 793 2122 '60
816 2076 903 2134 sqq.:

242 2171 287 2232 Ut
317 2173 420 2235 silvae
450 2174 537 2235 foliis
568 2190 686 2249 pronos
717 2176 887 2235 mutantur
917 2174 950 2234 in
982 2188 1094 2250 annes,

245 2286 354 2347 Prima
378 2288 512 2349 eadunt:
537 2289 584 2349 ita
607 2290 779 2350 verborum
808 2290 904 2349 vetus
935 2288 1046 2348 interii
1069 2289 1171 2364 aetas,

230 2400 283 2460 at
310 2400 465 2462 iuvenum
488 2402 552 2463 rItu
576 2403 692 2464 florent
715 2403 809 2464 modo
832 2404 910 2462 nata
934 2402 1117 2476 vigentque.

243 2514 405 2577 Debemur
428 2517 526 2577 morti
548 2532 608 2578 nos
631 2518 815 2591 nostraque.
944 2561 945 2564 η

243 2627 433 2702 legendum:

243 2739 289 2800 Ut
319 2741 422 2802 silvae
453 2741 539 2802 foliis
570 2758 686 2818 pronos
717 2743 887 2803 mutantur
914 2742 1074 2803 inannos

242 2853 282 2914 at
307 2888 347 2896 -
372 2855 529 2916 iuvenum
552 2856 616 2916 ritu
639 2839 873 2918 florentmodo
896 2858 974 2916 nata
998 2856 1170 2930 vigentque
1200 2889 1241 2897 -

243 2966 353 3028 Prima
378 2968 498 3030 eadunt
522 2970 583 3031 etc.

784 3205 889 3266 XXII.

243 3391 405 3467 Vergilius
429 3393 549 3454 Aeneis
571 3393 617 3455 IV
641 3395 722 3455 358:

243 3505 316 3579 ipae
340 3506 437 3567 deum
463 3509 696 3570 manifeste
714 3508 756 3568 in
776 3507 900 3569 lumine
922 3507 988 3568 vidi

243 3620 427 3683 Intrantem
447 3636 568 3700 muros,
591 3636 767 3696 vocemque
790 3622 842 3683 his
866 3623 999 3684 auribus
1023 3623 1129 3685 hausi.

243 3732 435 3810 legendum:
460 3737 683 3798 manifestum.

776 3998 898 4059 XXIII.

244 4183 377 4245 Tacitus
400 4185 484 4246 Anu.
508 4187 524 4245 Ι
549 4187 606 4247 7οε

245 4299 289 4358 At
324 4298 536 4360 Germanicus
566 4299 740 4374 legionum,
772 4314 854 4371 quas
885 4299 1025 4360 navibus
1055 4301 1200 4376 vexerat,
1231 4299 1408 4361 secundam
1440 4301 1474 4359 et

201 4415 352 4485 quartam
376 4414 547 4476 decumam
571 4414 685 4474 itinere
708 4412 855 4474 terrestri
878 4413 913 4474 P.
937 4413 1067 4474 Vitellio
1090 4413 1252 4475 ducendas
1275 4412 1384 4488 tradit
1410 4428 1474 4487 quo

201 4526 303 4588 levior
326 4529 443 4589 elassis
466 4529 586 4589 vadoso
607 4527 691 4589 mari
713 4527 842 4589 innaret
865 4527 934 4588 rel
957 4526 1118 4602 reciproco
1141 4526 1270 4590 sideret.

247 4641 436 4716 legendum:
460 4656 552 4704 nere.
