3536 5068
816 281 857 339 37

248 442 330 502 Phil.
357 444 457 503 1316:

516 551 655 613 ἄκουσον·
679 549 868 630 ἀνθρώποισι
890 550 942 623 τὰς
966 547 1019 628 μὲν
1043 549 1075 611 ἐν
1097 557 1180 612 θεῶν

514 666 603 745 τύχας
627 664 768 736 δοθείσας
792 659 845 725 ἐστ’
872 662 1036 744 ἀναγκαῖον
1060 663 1170 746 φέρειν.

249 782 366 854 fragm.
392 783 473 842 686:

472 889 600 973 στέργειν
624 887 656 952 δὲ
679 887 862 951 τάκπεσόντα
884 881 936 950 1ιεῦ
959 888 1073 951 θέσθαι
1097 890 1200 971 πρέπει

471 1005 567 1084 σοφὸν
589 1003 748 1084 κυβευτὴν,
770 1003 844 1066 diti
867 1004 908 1083 μὴ
932 1002 1043 1066 στένειν
1065 1008 1166 1086 τύχην.

253 1350 353 1427 ,Quid
376 1351 435 1410 tibi
458 1351 509 1410 vis
518 1351 554 1410 ?”
580 1351 719 1411 fortasse
739 1351 857 1411 dixerit
877 1352 1057 1426 quispiam:
1083 1355 1275 1428 „postquam
1288 1330 1476 1425 Sophoclem

205 1467 332 1540 propter
357 1465 503 1525 excelsas
526 1480 631 1538 neque
659 1468 734 1526 ante
758 1481 834 1526 eum
852 1468 995 1542 prolatas
1005 1467 1181 1540 opiniones
1201 1466 1349 1526 laudibus
1369 1480 1477 1525 cumu-

204 1579 281 1639 lasti
301 1578 374 1649 (vid.
396 1593 466 1654 pag.
491 1581 642 1656 10-13),
654 1595 739 1640 nunc
751 1580 821 1655 ipse
832 1580 891 1640 tibi
904 1580 1085 1653 obloqueris
1094 1582 1130 1641 ?”
1146 1614 1186 1624 —
1200 1579 1306 1640 Facile
1318 1579 1478 1639 assentior

204 1692 251 1753 ita
273 1693 400 1765 roganti
422 1707 486 1751 non
506 1694 619 1752 deesse
643 1707 793 1768 causam;
818 1708 918 1766 quam
938 1695 974 1753 ut
989 1693 1122 1768 diluam,
1136 1694 1248 1768 paucis
1260 1694 1298 1752 de
1313 1692 1477 1767 Sophoclis

203 1805 367 1878 theologia
388 1807 559 1866 dicendum
584 1807 666 1867 mihi
688 1809 756 1883 est;
780 1810 953 1868 notamen
973 1807 1054 1868 fines
1079 1809 1160 1868 mihi
1179 1809 1302 1883 positos
1322 1807 1476 1883 egrediar,

204 1933 303 1992 quam
325 1919 518 1980 brevissime
542 1921 740 1981 sententiam
764 1936 872 1981 meam
897 1937 1067 1996 exponam.
1516 2005 1517 2008 Ἴ

248 2033 448 2106 Aeschylum
479 2035 605 2095 sicum
631 2035 785 2109 Sophocle
809 2050 1046 2110 comparamus,
1073 2035 1214 2094 multum
1238 2035 1322 2095 inter
1345 2049 1419 2094 eum
1445 2036 1479 2093 et

202 2146 332 2220 poetam
355 2148 504 2207 nostrum
528 2149 686 2208 interesse
709 2147 866 2221 planeque
886 2149 980 2209 aliter
999 2149 1084 2210 hunc
1104 2164 1203 2221 quam
1222 2148 1315 2208 illum
1329 2148 1478 2208 dramata

203 2260 424 2333 composuisse
444 2262 477 2320 et
497 2261 574 2321 deos
594 2261 655 2320 sibi
668 2261 861 2322 informasse
874 2263 1040 2322 neminem
1052 2263 1153 2323 latere
1166 2264 1283 2337 potest.
1296 2261 1479 2334 Aeschylus

206 2372 346 2446 simplex
369 2374 402 2433 et
425 2375 497 2448 pius
521 2376 654 2434 deorum
678 2375 782 2435 cultor
801 2375 882 2435 mihi
902 2376 1039 2452 videtur,
1060 2376 1114 2449 qui
1134 2375 1479 2450 inpueritiareligioso

205 2487 339 2546 deorum
363 2489 454 2546 metu
477 2488 624 2548 imbutus
648 2491 708 2564 est,
729 2490 783 2562 qui
804 2503 823 2547 a
842 2489 1029 2562 parentibus
1049 2489 1301 2562 aequalibusque
1320 2489 1397 2548 deos
1416 2502 1480 2547 nen

205 2614 278 2660 esse
301 2615 467 2673 nunquam
492 2602 626 2678 audivit,
651 2603 706 2675 qui
730 2603 892 2662 exanimi
913 2603 1075 2663 sententia
1094 2603 1156 2662 diis
1177 2604 1209 2662 et
1229 2602 1363 2662 deorum
1384 2603 1481 2674 atque

205 2713 341 2773 hereum
372 2713 489 2775 fabulis
512 2715 610 2776 iidem
635 2716 742 2793 habet,
766 2717 821 2789 qui
844 2717 952 2776 sintne
976 2731 1063 2792 vera,
1089 2731 1171 2789 quae
1195 2715 1322 2788 antiqui
1345 2715 1480 2774 tradide-

205 2829 291 2901 runt,
323 2842 433 2904 necne,
466 2844 570 2902 neque
603 2830 729 2890 dubitat
758 2845 862 2903 neque
890 2830 1043 2904 disputat.
1068 2830 1177 2901 Poeta,
1210 2829 1262 2888 cui
1288 2830 1359 2888 tarn
1394 2828 1483 2887 certa
1590 2905 1592 2909 .

206 2940 251 3001 sit
281 2941 397 3018 opinio,
419 2941 546 3018 fiducia,
571 2944 747 3018 persuasio,
771 2943 850 3018 ipse,
875 2943 902 3002 si
926 2941 1043 3018 'purum
1068 2945 1138 3003 eius
1162 2943 1310 3003 animum
1335 2939 1484 3014 impellat

205 3054 320 3129 pictae,
341 3055 635 3130 fabulasantiquas
655 3057 816 3133 meliores,
838 3072 937 3130 quam
956 3073 976 3116 a
997 3057 1173 3117 maioribus
1193 3056 1314 3115 fuerint
1335 3054 1483 3126 traditae,

206 3168 269 3227 sibi
291 3167 411 3242 fingere
435 3172 559 3245 potest;
580 3172 614 3230 et
632 3171 702 3230 sine
720 3171 816 3230 dubio
834 3171 1017 3242 Aeschylus
1038 3172 1070 3230 et
1082 3169 1240 3228 Pindarus
1253 3169 1329 3228 deos
1344 3166 1485 3227 Graecos

206 3281 358 3342 meliores
382 3283 598 3359 reddiderunt,
623 3299 723 3357 quam
748 3284 832 3357 apud
856 3283 1035 3343 Homerum
1059 3282 1238 3342 Hesiodum
1263 3281 1345 3340 alios
1369 3281 1486 3354 poetas

206 3395 469 3456 describebantur
489 3399 522 3457 et
542 3398 721 3457 seeundum
741 3397 910 3468 vulgarem
924 3397 1017 3456 erant
1028 3396 1222 3470 opinionem,
1236 3396 1336 3466 atque
1351 3394 1486 3453 heroum

205 3508 325 3568 fabulis
351 3525 473 3570 novum
498 3510 596 3570 decus
620 3510 774 3570 addentes
798 3511 845 3569 ita
867 3509 1026 3569 formatas
1050 3524 1106 3569 eas
1130 3509 1321 3582 aequalibus
1351 3507 1486 3567 tradide-

204 3623 291 3697 runt,
313 3622 350 3680 ut
369 3623 476 3684 ethica
496 3624 570 3683 inde
585 3625 756 3698 praecepta
769 3624 979 3698 discerentur,
992 3638 1074 3696 quae
1087 3639 1106 3684 a
1118 3623 1298 3697 priscorum
1312 3622 1487 3681 hominum

205 3737 317 3796 mente
338 3736 444 3798 aliena
463 3739 558 3812 poeta
578 3738 651 3798 inde
673 3737 848 3797 elicuisset.
865 3737 949 3797 Hinc
961 3737 1067 3796 multo
1079 3738 1235 3812 purioreS,
1247 3734 1352 3795 multo
1364 3733 1486 3809 perfec-

206 3851 306 3910 tiores
327 3852 411 3924 apud
430 3853 490 3911 hos
509 3853 622 3925 poetas
642 3853 798 3925 apparent
818 3850 948 3925 Olympi
968 3850 1101 3924 incolae,
1123 3865 1220 3923 quam
1244 3851 1301 3910 aut
1313 3848 1410 3922 vulgo
1428 3863 1484 3908 eos

207 3965 268 4024 sibi
292 3964 450 4038 fingerent
474 3966 623 4025 homines
646 3965 758 4025 Graeci
784 3966 841 4023 aut
864 3965 988 4038 pridem
1009 3967 1103 4023 vates
1123 3964 1203 4037 epici
1224 3979 1280 4023 eos
1299 3961 1483 4022 finxissent.
1589 3961 1592 3964 ’

252 4078 314 4138 Sed
345 4094 409 4138 nou
439 4079 524 4138 idem
557 4080 596 4138 de
628 4078 782 4152 Sophocle
813 4078 875 4136 dici
906 4079 1030 4152 potest;
1063 4092 1125 4136 non
1150 4075 1195 4136 illi
1229 4091 1325 4136 omne
1350 4075 1484 4136 dubium

206 4192 355 4265 ignotum
387 4193 457 4252 fuit.
491 4192 574 4252 Sane
605 4193 656 4266 pio
686 4192 795 4250 animo
827 4191 953 4251 fabulas
985 4191 1136 4264 antiquas
1168 4190 1323 4250 didicerat
1356 4221 1396 4230 -
1421 4203 1484 4246 non

206 4319 283 4365 cum
307 4305 390 4365 lacte
413 4305 560 4380 nutricis
586 4307 623 4366 ut
646 4305 823 4381 Euripides,
849 4305 1083 4366 dubitationem
1109 4306 1243 4364 suxerat
1268 4337 1308 4345 —
1330 4301 1386 4360 sed
1407 4316 1484 4360 cum

207 4433 366 4479 annorum
397 4433 553 4478 uumerus
585 4421 766 4495 augeretur,
799 4421 832 4479 et
863 4420 901 4479 ab
933 4419 1006 4479 aliis
1037 4419 1200 4478 interdum
1228 4417 1369 4476 audivit:
1406 4415 1485 4490 ,Qui

206 4533 360 4606 potest?’'
381 4533 502 4607 etipse
522 4547 755 4606 nonnunquam
776 4531 944 4592 confessus
965 4533 1032 4592 est:
1057 4532 1145 4606 ,Non
1165 4530 1328 4603 intellego,
1344 4528 1484 4588 alterum

208 4660 283 4705 cum
314 4643 415 4704 altero
447 4647 602 4722 pugnarn
634 4645 705 4706 Non
729 4646 798 4706 dico
823 4643 1013 4717 Sophoclem
1037 4643 1147 4704 omnia
1171 4644 1329 4704 abiecisse
1352 4641 1483 4718 tradita,
