3536 5068
827 305 867 361 59

207 467 291 541 apud
314 467 513 541 Aeschylum
538 481 773 538 nonnunquam,
789 465 872 543 Ἀραί
893 467 1162 538 (Exsecrationes)
1181 470 1337 529 vocantur
1360 484 1479 541 easque

208 582 431 642 exsecratione
454 581 586 641 demum
611 580 721 639 audita
744 594 864 652 poenas
888 595 1017 640 sumere
1041 583 1137 655 poeta
1156 581 1249 655 dicit;
1271 581 1349 641 deae
1368 585 1479 641 autem

208 695 237 754 si
257 709 371 754 somno
399 695 581 769 vincuntur,
611 694 727 752 umbra
750 692 891 753 feminae
915 693 1012 767 impie
1036 697 1170 754 necatae
1195 693 1404 769 expergefieri
1423 710 1480 754 eas

208 808 310 881 fingit.
340 797 458 882 Itaque
485 807 599 868 Furiae
630 806 792 879 Aeschylo
823 807 927 866 iudice
952 807 1116 868 artissime
1140 823 1214 868 cum
1238 808 1408 868 hominum
1432 808 1480 866 ira

209 925 242 982 et
272 922 493 982 exsecratione
525 922 706 981 cohaerent.
741 920 829 996 Quod
854 921 955 980 etiam
979 921 1062 995 apud
1086 923 1211 982 ceteros
1234 925 1346 995 poetas
1370 922 1479 982 crebro

208 1035 277 1096 fieri
297 1036 454 1109 legimus;
475 1035 570 1094 Dirae
591 1035 677 1094 enim
699 1033 765 1094 iere
786 1034 903 1107 ubique
923 1049 996 1094 cum
1018 1035 1186 1095 hominum
1204 1037 1253 1095 ira
1265 1037 1298 1095 et
1310 1036 1479 1095 hominum

208 1149 492 1223 imprecationibus
517 1148 754 1220 coniunguntur
774 1148 807 1206 et
829 1148 922 1220 quasi
947 1147 1077 1207 illarum
1100 1149 1370 1223 imprecationum
1395 1163 1479 1222 pros·

208 1265 380 1338 opopoeiae
410 1264 568 1324 videntur.
586 1255 607 1331 ¹)
638 1260 759 1336 Quibus
788 1276 830 1320 ex
861 1262 1099 1335 prosopopoeiis
1129 1265 1242 1336 postea
1273 1263 1350 1322 deas
1376 1264 1481 1322 sectas

209 1393 281 1438 esse
304 1379 378 1451 post
401 1393 449 1452 ea,
473 1391 555 1449 quae
580 1375 657 1448 dixi,
682 1390 745 1435 uon
770 1377 892 1436 temere
913 1376 1070 1449 suspicari
1090 1377 1171 1436 mihi
1191 1378 1310 1438 videor.
1332 1378 1393 1438 Sed
1413 1377 1479 1436 iam

208 1491 308 1550 nimis
331 1491 437 1550 multa
460 1491 498 1550 de
522 1489 691 1549 Furiarum
717 1488 839 1561 origine
864 1488 1037 1566 disputavi,
1062 1490 1102 1549 ad
1130 1490 1274 1550 fabulam
1299 1489 1481 1568 Χοηφόρους

208 1604 407 1664 redeundum
431 1604 491 1665 est.

253 1717 308 1777 Vs.
334 1719 408 1778 575.
434 1717 565 1777 Orestes
585 1715 790 1792 Aegisthum,
814 1716 843 1775 si
870 1716 931 1775 sibi
955 1715 1087 1777 domum
1107 1718 1243 1778 intranti
1262 1717 1391 1778 obviam
1411 1717 1480 1793 ibit,

208 1831 322 1897 statim
346 1831 600 1905 interempturus
622 1830 683 1904 est,

519 1941 617 2018 φόνου
643 1936 672 2001 δ’
694 1937 821 2020 Ἐρινὺς
844 1941 898 2021 οὐχ
921 1940 1165 2022 ὑπεσπανισμένη

520 2052 648 2134 ἄκρατον
673 2047 745 2131 αἷμα
770 2055 865 2116 πίεται
888 2055 988 2134 τρίτην
1011 2056 1109 2116 πόσιν.

209 2170 243 2229 et
266 2169 382 2229 chorus
406 2171 493 2230 canit
517 2174 576 2240 (vs
602 2170 699 2238 643st

544 2283 637 2355 Δίκας
662 2279 688 2343 δ’
716 2281 855 2361 ἐρείδεται
876 2283 1013 2360 πυθμήν·

542 2399 734 2476 προχαλκεύει
758 2392 788 2457 δ’
815 2390 893 2456 Αἶσα
918 2396 1155 2478 φασγανουργός.

543 2507 647 2571 τέκνον
672 2505 700 2570 δ’
728 2508 893 2590 ἐπεισφέρει
916 2510 1019 2589 δόμοις

543 2623 676 2701 αἱμάτων
701 2623 884 2704 παλαιτέρων

542 2737 633 2796 τίνειν
657 2739 751 2817 μύσος

541 2849 637 2935 χρόνῳ
661 2849 752 2911 κλυτὰ
776 2851 958 2931 βυσσόφρων
978 2845 1116 2927 Ἐρινύς.

253 2963 396 3036 Utroque
424 2963 493 3025 loco
518 2964 604 3024 idern
628 2981 666 3026 ac
689 2965 765 3024 alibi
790 2966 905 3025 Furiae
928 2966 1091 3040 tribuitur,
1116 2967 1149 3025 et
1173 2965 1273 3025 etiam
1298 2965 1485 3040 posteriore,

207 3078 359 3149 quamvis
390 3079 422 3137 in
454 3079 618 3154 allegoria,
651 3080 722 3154 ipsa
752 3094 853 3152 agens
884 3094 1045 3152 suumque
1077 3079 1179 3153 ipsius
1203 3078 1375 3138 consilium
1397 3092 1486 3138 exse·

207 3204 310 3263 quens
345 3191 486 3264 fingitur.
520 3191 597 3267 Δίκη
629 3195 751 3267 autern,
783 3208 922 3265 quacum
953 3193 1005 3252 hic
1038 3192 1134 3252 Furia
1166 3191 1379 3267 coniungitur,
1403 3189 1487 3263 apud

208 3305 408 3378 Aeschylum
444 3305 616 3378 permultis
647 3305 727 3365 locis
758 3307 864 3367 adhuc
895 3307 955 3367 dea
985 3309 1046 3380 est,
1079 3301 1098 3382 ἡ
1132 3303 1204 3376 Διὸς
1233 3309 1303 3375 παῖς
1334 3298 1488 3381 παρθένος

209 3417 285 3493 Δίκη
322 3419 482 3492 appellata
518 3419 592 3488 (vid.
629 3420 660 3478 in
698 3420 811 3492 primis
847 3421 934 3493 Sept.
967 3422 1039 3480 adv.
1073 3420 1130 3480 Th.
1164 3419 1361 3487 646-672).
1394 3416 1488 3490 Apud

209 3531 397 3604 Sophoclem
423 3536 536 3594 contre
559 3533 622 3592 alio
646 3548 744 3594 sensu
769 3534 836 3594 fere
856 3534 974 3607 ubique
994 3535 1054 3594 hoc
1072 3547 1191 3594 nomen
1212 3531 1356 3592 adhiberi
1376 3531 1489 3604 postea

209 3646 402 3707 videbimus.

254 3759 377 3820 Ceteris
406 3760 473 3820 iam
502 3759 582 3820 locis
605 3761 755 3822 tractatis
779 3777 874 3837 nunc,
899 3774 962 3836 quo
986 3759 1082 3821 modo
1107 3760 1257 3821 Orestem
1282 3761 1361 3820 deae
1385 3773 1489 3831 perse·

208 3876 349 3943 quantur
372 3876 405 3933 et
429 3888 494 3945 qua
517 3875 641 3934 ratione
665 3872 843 3950 placentur,
868 3874 980 3947 paucis
1005 3873 1233 3947 exponendum
1256 3877 1318 3934 est.

253 3985 315 4044 Vix
339 3989 479 4046 matrem
505 3985 801 4060 Clytaemnestram
826 3986 1012 4060 trucidavit,
1037 4002 1113 4047 cum
1134 3986 1289 4047 mulieres
1313 3983 1491 4046 horrendae

208 4097 313 4158 Oresti
338 4100 427 4160 visae
451 4100 585 4160 suntin
608 4101 716 4174 ipsum
742 4101 904 4162 irruentes
928 4100 1079 4172 (Ohoeph.
1108 4101 1221 4170 1046l:

239 4436 259 4504 ¹)
285 4443 364 4490 Recte
391 4441 569 4491 stoli-Mentor
594 4443 715 4490 observat
742 4443 895 4500 (Hondboek
921 4444 968 4490 der
995 4444 1039 4490 Gr.
1066 4457 1099 4492 en
1127 4444 1199 4490 Rom.
1227 4437 1441 4488 Godsdienstleer
1463 4451 1495 4484 en

207 4520 372 4579 Mythologie,
398 4535 456 4582 pag.
486 4522 558 4584 ldbl:
587 4524 638 4583 ,zij
664 4523 714 4582 zijn
741 4523 773 4569 de
799 4522 992 4583 personifleatie
1022 4534 1070 4568 van
1098 4525 1144 4571 het
1171 4521 1262 4579 gevoel
1281 4535 1330 4569 van
1357 4515 1496 4576 grievende

205 4600 330 4658 lirenlring
357 4615 388 4647 eu
415 4603 556 4661 amartelijlr
582 4603 739 4660 misnoegon,
765 4601 902 4662 cpgewelrt
929 4601 993 4647 door
1021 4599 1053 4647 de
1079 4600 1252 4658 moedwillige
1276 4596 1425 4653 verireding
1447 4608 1497 4641 van

205 4678 300 4737 heiliga
319 4678 450 4727 rechten.”
