3536 5068
825 248 865 310 35

209 415 271 475 and
302 414 423 474 morale
454 429 508 475 are
540 412 734 474 dissociated
766 429 808 474 no
835 413 935 473 doubt
966 413 1213 488 unoonsciously
1236 416 1279 488 by
1302 413 1357 474 the
1381 411 1484 488 tragic

208 531 292 602 poet,
325 528 397 588 who
429 529 548 600 sougbt
579 529 612 587 to
646 528 683 588 be
718 542 737 586 a
768 526 872 587 moral
903 527 1034 586 teacher
1065 527 1100 588 of
1127 528 1178 610 his
1209 529 1351 602 people.'’
1384 530 1483 589 Recte

208 641 320 702 Nauck
352 642 403 712 (ad
435 657 482 702 vs,
516 640 589 710 758)
624 639 778 701 Herodoti
808 639 885 699 illud
911 643 1093 715 comparat:
1122 638 1213 717 φιλέει
1236 638 1291 720 γὰρ
1316 637 1332 700 ό
1355 639 1427 713 θεὸς
1450 638 1485 700 τὰ

209 749 389 832 ὑπερέχοντα
412 753 508 811 πάντα
527 752 671 812 κολούειν.
692 754 791 826 Atqui
813 754 841 812 si
862 754 977 826 tragici
995 755 1130 814 numina
1150 755 1271 814 similia
1291 758 1368 814 suut
1387 755 1483 816 Hero-

209 868 543 944 doteis,-iam,actum
570 869 621 927 est
645 869 682 928 de
707 881 900 940 superorum
926 867 1063 941 iustitia,
1088 867 1154 927 iam
1179 865 1271 947 ἐχθρὰ
1294 865 1343 926 καὶ
1367 866 1486 943 φθόνος

209 982 314 1055 magis
338 997 437 1056 quarn
461 983 621 1042 severitas
646 984 679 1042 et
703 980 852 1055 aequitas
876 984 992 1055 regunt
1016 983 1185 1043 mundum.

253 1096 412 1157 Umbram
437 1098 549 1157 autem
573 1097 741 1156 homiuem
766 1111 838 1157 esse
867 1096 901 1155 in
924 1096 975 1154 his
999 1111 1125 1169 quoque
1149 1097 1272 1157 duobus
1295 1097 1487 1171 fragmentis

210 1210 360 1271 audimus
385 1209 512 1282 (fragm.
540 1210 611 1279 lat:

501 1319 663 1402 άνθρωπός
686 1319 746 1382 ἐστι
768 1329 887 1400 πνεῦμα
910 1318 961 1381 καλ
984 1320 1052 1382 σκιά
1076 1322 1178 1401 μόνον.
1243 1357 1248 1372 ·

254 1437 379 1512 (fragm.
406 1437 501 1507 682);

502 1540 525 1608 ὦ
549 1546 664 1626 θνητὸν
688 1545 808 1628 ἀνδρῶν
831 1546 881 1608 καὶ
905 1548 1092 1629 ταλαίπωρον
1115 1546 1211 1630 γένος,

501 1659 541 1733 ὡς
567 1659 656 1722 οὐδέν
682 1660 768 1740 έσμεν
793 1661 871 1740 πλὴν
895 1663 1023 1723 σκίαισιυ
1048 1662 1163 1736 εἰκόνες.

252 1779 303 1838 Ita
322 1780 389 1854 est;
411 1779 507 1838 homo
530 1778 564 1837 in
589 1778 721 1839 deorum
748 1794 846 1839 manu
870 1778 950 1838 nihil
973 1780 1024 1838 est
1044 1777 1107 1837 nisi
1125 1779 1256 1851 umbra;
1282 1791 1487 1850 quocumque

208 1893 288 1953 deus
310 1893 388 1969 vult,
405 1893 572 1953 hominem
592 1891 690 1968 ducit,
711 1906 839 1965 quoquo
861 1893 956 1953 modo
977 1892 1034 1952 deo
1054 1892 1143 1968 libet,
1165 1891 1331 1951 hominem
1349 1892 1487 1964 tractat;

208 2021 272 2066 nou
304 2007 438 2083 iustitia,
471 2007 530 2066 sed
563 2005 615 2065 dei
648 2004 799 2065 voluntas
830 2005 1022 2080 principium
1056 2006 1206 2066 movendi
1238 2006 1305 2078 est;
1339 2004 1499 2098 legamus·

211 2120 305 2180 modo
328 2119 443 2193 fragm.
470 2120 555 2190 572;

480 2230 525 2292 Οὐ
549 2229 604 2312 χρή
627 2225 688 2291 ποτ’
716 2222 749 2291 εὖ
774 2231 960 2313 πράσσοντος
984 2228 1099 2312 ὀλβίσαι
1121 2232 1210 2310 τύχας

478 2342 600 2425 ἀνδρὸς,
622 2342 694 2425 πρὶν
719 2343 798 2428 αὐτῷ
823 2350 973 2417 παντελῶς
995 2343 1054 2424 ἤδη
1078 2346 1144 2425 βίος

480 2458 683 2543 διεκπερανθῇ
707 2456 757 2518 καὶ
780 2457 938 2543 τελευτήσῃ
961 2458 1038 2537 βίον.

477 2569 509 2631 έν
534 2570 590 2652 γὰρ
614 2574 722 2653 βραχεῖ
739 2577 882 2634 καθεῖλεν
904 2568 1018 2658 κώλίγιμ
1042 2570 1138 2655 χρόνῳ

478 2684 674 2763 πάμπλουτον
699 2682 789 2765 όλβον
804 2686 958 2764 Ιδαίμονος
981 2694 1077 2745 κακοῦ
1102 2683 1183 2757 δόσις

479 2799 572 2860 όταν
596 2809 768 2884 μεταστῇ
791 2798 858 2860 καλ
881 2805 997 2872 θεοῖς
1021 2799 1118 2883 δοκῇ
1141 2798 1242 2858 τάδε.

251 2915 334 2975 Item
367 2917 399 2975 in
431 2915 540 2987 Antig.
568 2930 614 2976 vs,
640 2915 818 2976 944÷988
846 2916 889 2988 (in
914 2915 1041 2975 cantico
1065 2913 1255 2975 difficillimo
1281 2910 1490 2981 versibusque

208 3027 471 3104 obscurissimis),
496 3044 572 3088 curn
595 3031 767 3102 praestans
794 3031 883 3102 virgo
907 3044 1010 3104 poena
1034 3029 1157 3088 iniusta
1181 3029 1214 3088 et
1237 3026 1346 3098 iniqua
1370 3024 1491 3083 afflicta

208 3143 267 3218 est,
290 3145 407 3204 chorus
429 3142 581 3217 exempla
602 3144 696 3202 affert
719 3145 853 3217 antiqua
873 3144 932 3203 fati
953 3143 1166 3204 crudelitatis
1188 3144 1272 3201 item
1285 3139 1490 3212 Philoctetae,

206 3269 281 3314 cum
305 3271 419 3317 arcum
445 3255 545 3315 tradit
568 3256 675 3316 amico
699 3256 921 3332 Neoptolemo,
947 3256 1033 3316 hunc
1056 3257 1179 3332 monet,
1201 3255 1236 3312 ut
1257 3253 1387 3312 deorum
1411 3250 1493 3311 vitet

204 3369 374 3447 iuvidiam,
394 3385 493 3444 quam
515 3369 647 3430 sibimet
670 3369 732 3446 ipsi
749 3373 782 3430 et
803 3369 935 3430 Herculi
957 3369 1188 3430 calamitosam
1200 3367 1302 3426 fuisse
1318 3364 1493 3424 arbitratur

205 3498 265 3568 (ve.
293 3484 388 3553 luel:

476 3593 543 3654 ι’δοὺ
568 3591 656 3674 δέχου
680 3599 743 3653 παῖ.
767 3594 820 3656 τὸν
844 3595 967 3671 φθόνου
992 3589 1025 3653 δὲ
1049 3593 1233 3677 πρόσκυσον,

475 3707 515 3785 μή
539 3725 586 3768 σοι
608 3704 750 3790 γένεσθαι
779 3703 930 3769 πολόπονἸ
951 3705 1030 3768 αὐτὰ
1054 3702 1126 3788 μηδ’
1156 3708 1237 3777 ὅπως

475 3818 541 3899 ἐμοί
562 3843 591 3881 τε
615 3819 666 3881 καλ
688 3831 728 3905 τῷ
753 3818 861 3905 πρόσθ’
888 3822 961 3901 ἐμοῦ
987 3819 1169 3909 κεκτημένῳ.

248 3935 328 4012 Quid
363 3937 476 4011 creon,
508 3953 583 3998 cum
615 3937 837 4014 consobrinae,
870 3939 946 4014 filio,
979 3941 1077 3999 uxori
1110 3937 1253 3998 mortem
1285 3947 1319 3992 se
1344 3930 1494 3990 intulisse

201 4052 378 4123 cognovit?
404 4085 443 4094 -
473 4051 620 4127 ,Numen
652 4051 773 4112 iratum
805 4053 913 4128 habui,
946 4053 1009 4112 boc
1041 4049 1155 4113 oculos
1187 4047 1270 4108 milri
1297 4043 1496 4118 obcaecavit,

201 4163 261 4223 hoc
286 4166 321 4224 in
346 4165 523 4240 perniciem
547 4181 601 4226 me
625 4164 756 4240 impulit
780 4166 868 4238 (Aut.
896 4166 1013 4235 tarn:

518 4276 573 4357 ἔχει
597 4275 706 4355 μαθὼν
731 4277 866 4350 δείλαιος·
891 4276 923 4338 έν
948 4271 977 4338 δ’
1008 4273 1069 4362 ἐμῷ
1095 4274 1174 4360 κάρᾳ

518 4390 581 4451 τότε
603 4389 675 4463 θεὸς
698 4384 752 4449 τότ’
780 4384 839 4470 ἆρα
861 4387 935 4470 μέγα
959 4385 1056 4468 βάρος
1072 4385 1158 4465 έχων

517 4501 647 4581 έπαισεν,
669 4501 702 4563 έν
726 4498 753 4562 δ’
781 4503 891 4565 έσεισεν
915 4499 1036 4583 ἀγρίαις
1061 4499 1157 4579 ὁδοῖς,

517 4616 606 4695 οἴμοι,
628 4615 816 4696 λακπάτητον
839 4615 996 4696 ἀντρέπων
1020 4611 1128 4696 χαράν.
