3536 5068
937 239 979 305 82

318 407 487 484 Oedipodis
518 423 593 469 cum
624 407 729 466 Furiis
752 407 865 467 eadem
889 409 977 467 esset
999 407 1081 467 ratio
1108 408 1205 482 atque
1230 409 1363 472 Orestis.
1388 410 1449 471 Sed
1473 413 1588 486 poetae

316 526 427 584 nostro
461 537 524 584 non
555 521 695 596 amplius
728 521 815 580 valet
845 535 883 580 ea
907 535 1005 580 eausa
1028 523 1062 580 et
1087 521 1260 596 Sophocles
1285 523 1456 598 Oedipodis
1480 526 1587 600 mythi

316 639 383 698 vim
425 637 583 711 poeticam
626 648 820 708 magnopere
854 634 1030 710 imminuit,
1071 635 1186 709 quippe
1222 637 1276 709 qui
1311 639 1492 704 mutatione
1527 647 1588 697 τῶν

314 751 441 826 Σεμνῶν
464 765 595 824 prorsus
617 747 849 822 praetermissa
871 747 978 807 exulis
997 748 1085 808 caeci
1105 764 1123 808 e
1144 749 1211 810 vita
1234 766 1407 812 excessum
1428 751 1498 813 ideo
1517 754 1586 812 tan-

314 865 482 925 tummodo
504 864 537 922 iu
562 864 633 923 luco
653 861 868 921 Eumenidum
892 861 1108 938 collocaverit,
1133 863 1209 936 quia
1228 864 1348 925 tradita
1367 867 1496 925 mutare
1520 881 1584 926 non

313 995 393 1053 opus
428 993 500 1038 esse
535 976 700 1036 iudicaret.
734 976 939 1051 Quamquam
970 975 1068 1049 igitur
1091 975 1125 1034 in
1148 991 1240 1037 sacro
1265 977 1400 1038 dearum
1424 979 1492 1039 solo
1516 995 1583 1039 mo·

313 1093 404 1167 nitur,
439 1107 502 1152 non
537 1091 652 1150 Furiae
686 1091 772 1165 sunt,
813 1104 895 1162 quae
935 1089 1091 1164 Oedipum
1130 1090 1216 1149 curis
1247 1092 1280 1150 et
1314 1091 1586 1153 sollicitudinibus

310 1207 458 1279 liberant,
493 1204 550 1264 sed
584 1203 702 1277 superi,
737 1204 774 1263 ut
808 1203 890 1262 satis
923 1218 1082 1277 superque
1118 1206 1213 1277 poeta
1247 1204 1406 1279 declarat;
1438 1221 1502 1266 non
1526 1221 1584 1280 per

312 1318 506 1379 Eumenides
529 1317 639 1377 omnia
662 1314 744 1375 fiunt
767 1316 823 1374 sed
849 1317 933 1389 apud
958 1332 1023 1376 eas.

354 1431 513 1506 Apollinis
548 1429 680 1491 consilio
712 1427 898 1488 Thebanum
932 1445 1040 1503 regem
1066 1431 1128 1490 huc
1152 1430 1338 1505 pervenisse
1363 1430 1509 1492 Theseus
1532 1448 1581 1492 vs.

312 1547 376 1608 665
400 1545 494 1606 dicit:

600 1659 726 1734 θαρσεῖν
750 1651 803 1732 μὲν
827 1647 883 1716 οὖν
906 1653 995 1736 ἔγωγε
1018 1653 1109 1716 silveri
1131 1664 1183 1734 τῆς
1207 1653 1277 1734 ἐμῆς

603 1767 722 1848 γνώμης
744 1765 865 1845 ἐπαινῶ,
891 1769 1040 1848 Φοῖβος
1064 1769 1090 1828 εἰ
1111 1767 1289 1847 superintulit
1312 1787 1353 1848 σε,

308 1887 395 1948 Iovis
423 1884 546 1945 tonitru
577 1897 764 1958 supremam
796 1883 910 1943 adesse
940 1883 1046 1944 lucem
1072 1887 1231 1961 monetur,
1257 1887 1289 1944 et
1318 1900 1381 1945 vox
1405 1885 1470 1962 illa,
1496 1900 1579 1958 quae

310 2001 449 2061 clamat:

602 2101 625 2168 ὦ
647 2100 744 2185 οὗτος,
767 2100 863 2186 οὗτος,
884 2109 1028 2182 Οἰδίπους
1052 2109 1081 2168 τί
1101 2108 1242 2188 μέλλομεν

599 2227 719 2302 χωρεῖν;
742 2222 833 2282 πάλαι
857 2221 894 2300 δὴ
918 2220 993 2283 τάπὸ
1018 2231 1073 2283 σοῦ
1097 2224 1286 2302 βραδύνεται,

307 2341 377 2401 sine
400 2339 496 2400 dubio
520 2353 539 2398 a
563 2339 651 2398 nullo
673 2337 780 2398 Furiis
804 2337 855 2398 vel
878 2337 1111 2398 Eumenidibus
1134 2339 1303 2399 tribuetur.

352 2454 438 2529 Quas
462 2452 501 2512 ob
526 2467 642 2511 causas
667 2452 751 2512 haud
776 2451 873 2511 dubia
897 2451 976 2511 mihi
995 2467 1048 2512 res
1069 2452 1205 2528 videtur,
1227 2454 1259 2511 et
1279 2467 1477 2534 quamquam
1494 2454 1575 2513 hanc

305 2566 503 2626 sententiam
528 2581 689 2639 nusquam
714 2567 746 2624 in
771 2565 914 2625 virorum
938 2565 1106 2625 doctorum
1130 2565 1169 2625 de
1192 2565 1314 2626 lttteris
1334 2565 1465 2627 Graecis
1485 2565 1573 2626 libris

305 2679 444 2753 reperire
467 2679 554 2753 potui
579 2679 641 2738 nisi
666 2679 699 2738 in
724 2693 817 2752 opere
842 2679 934 2738 hodie
957 2679 1024 2738 iere
1048 2679 1261 2740 intermortuo
1285 2680 1324 2740 M.
1347 2680 1377 2741 S.
1396 2681 1430 2742 F.
1458 2680 1574 2756 Scholl,

307 2792 499 2853 Geschichte
530 2793 586 2851 der
617 2793 837 2866 griechischen
862 2793 1039 2853 Litteratur
1063 2809 1122 2852 zw.
1147 2793 1221 2853 auil.
1249 2793 1332 2853 1828
1358 2795 1383 2869 Ι,
1403 2809 1474 2868 pag.
1500 2796 1575 2871 241,

305 2921 369 2966 non
401 2921 512 2967 vereor
543 2906 649 2967 Furiis
672 2921 803 2966 omnem
826 2906 859 2964 in
883 2905 1040 2980 Oedipum
1065 2906 1277 2981 Sophocleum
1301 2907 1499 2981 potestatem
1524 2907 1576 2968 ab·

305 3019 456 3097 iudicare,
481 3020 528 3080 ita
551 3021 718 3080 statuens:

353 3134 455 3208 „Nou
480 3133 702 3193 Furiarum
725 3134 923 3207 potestas
943 3134 1048 3207 apud
1073 3133 1323 3207 Sophoclem
1347 3133 1380 3192 in
1406 3132 1576 3208 Oedipo·

304 3249 368 3308 dis
404 3250 493 3309 vita
529 3248 738 3322 cernitur,
764 3247 835 3308 sed
870 3247 943 3306 Lai
971 3247 1098 3307 iilius
1129 3247 1254 3307 vivus
1285 3262 1432 3321 magna
1459 3247 1500 3307 in
1532 3263 1575 3307 se

303 3362 501 3422 admittit
524 3361 704 3437 scelera,
729 3363 923 3421 mortuus
942 3376 1136 3435 magnum
1165 3361 1271 3434 apud
1295 3362 1493 3435 posteros
1516 3361 1575 3421 ob·

302 3476 414 3536 tinet
437 3478 638 3536 honorem
669 3475 889 3548 potestate
917 3476 1044 3547 atque
1069 3475 1294 3535 voluntate
1319 3474 1489 3534 deorum
1515 3490 1574 3535 su·

302 3592 528 3664 perorum.'’
