3536 5068
815 239 855 296 41

467 395 517 456 καὶ
541 397 599 474 σοί,
622 391 690 474 σάφ’
719 397 794 474 ἴσθι,
815 393 890 458 τοῦτ’
916 394 1063 475 ὀφείλεται
1086 402 1210 476 παθεῖν,

469 508 501 570 ἐκ
521 519 580 570 τῶν
604 509 708 574 πόνων
730 507 821 571 τῶνδ’
849 511 951 572 εὐκλεᾶ
976 507 1089 570 θέσθαι
1112 510 1187 590 βιόν.

247 623 396 684 Dolorem
427 625 547 699 excipit
577 625 727 701 felicitas,
759 627 815 686 sed
848 641 930 700 quae
961 626 1035 686 huic
1065 641 1141 686 cum
1173 625 1227 686 illo
1251 626 1295 685 sit
1318 639 1417 686 causa
1440 630 1474 686 et

202 737 294 813 ratio,
325 739 438 812 poetae
469 753 531 798 non
557 742 707 814 apparet:
736 739 980 800 anobilissimo
1005 743 1038 799 et
1060 738 1232 800 verissimo
1255 740 1407 813 dogmate
1431 773 1471 782 -

202 865 369 911 summam
398 851 586 912 felicitatem
620 852 726 912 dolore
757 854 790 913 et
812 854 909 913 rebus
932 853 1078 913 adversis
1101 852 1171 927 pari
1195 886 1235 895 —
1259 867 1356 927 prope
1380 853 1472 928 afuit,

202 965 258 1024 sed
289 980 327 1024 eo
358 980 422 1024 non
451 966 608 1041 pervenit.
640 967 790 1027 Alterum
816 967 910 1027 alteri
940 965 1111 1027 succedere
1143 966 1383 1041 animadvertit,
1416 967 1473 1026 sed

202 1077 341 1138 alterum
365 1094 439 1139 cum
458 1079 560 1140 altero
580 1080 764 1140 arctissimo
785 1081 912 1141 vinculo
932 1081 1101 1140 cohaerere
1121 1081 1154 1139 et
1166 1080 1386 1140 consociatum
1401 1095 1473 1140 esse

201 1191 345 1252 nondum
368 1193 538 1254 intellexit.
562 1193 711 1254 Herculis
735 1195 768 1254 et
790 1194 979 1254 Philoctetis
1002 1208 1158 1269 personae
1181 1194 1372 1266 argumento
1397 1194 1474 1252 sunt

202 1305 382 1366 clarissimo
405 1307 438 1366 in
462 1306 627 1382 Oedipodis
650 1307 759 1367 animo
783 1308 908 1368 nullam
929 1323 970 1368 ex
990 1308 1122 1368 miseria
1141 1307 1232 1368 nasci
1252 1307 1472 1367 sanct'tatem.

246 1419 291 1480 Ut
320 1420 394 1498 βοῦς
424 1417 542 1497 ἄφετος,
574 1423 612 1481 ut
641 1423 836 1498 sacerdotes,
867 1422 923 1495 qui
953 1438 989 1483 se
1020 1423 1154 1482 deorum
1177 1422 1279 1483 cultui
1303 1395 1471 1497 voverunt,

200 1533 248 1592 ita
264 1532 403 1608 Oedipus
426 1533 459 1593 in
482 1534 597 1608 primis
619 1534 753 1594 deorum
777 1537 829 1596 est
851 1536 1008 1612 proprius,
1032 1536 1094 1596 diis
1119 1538 1216 1596 votus
1240 1537 1274 1596 et
1296 1551 1388 1596 sacer
1412 1537 1472 1596 est.

200 1646 374 1721 Propterea
407 1647 522 1722 Apollo
552 1648 661 1708 iuveni
692 1649 801 1709 futura
830 1649 994 1726 praedicit,
1026 1649 1058 1709 in
1091 1650 1253 1710 constanti
1284 1649 1337 1710 vel
1368 1650 1475 1710 media

201 1761 309 1820 aetate
348 1775 385 1821 eo
423 1764 573 1822 versante
612 1763 802 1836 exsequitur
846 1778 929 1836 quae
970 1763 1141 1840 praedixit,
1184 1778 1297 1824 senem
1340 1779 1415 1824 eum
1455 1778 1474 1822 a

201 1874 271 1933 vita
302 1876 426 1935 avocat.
457 1875 598 1936 Deorum
630 1873 768 1950 Oedipus
799 1877 979 1937 dominium
1011 1879 1072 1953 est,
1097 1878 1131 1936 in
1154 1893 1192 1937 eo
1215 1892 1336 1938 numen
1361 1892 1472 1938 eorum

200 1987 235 2047 et
264 1990 411 2062 potestas
442 1990 647 2065 conspicitur,
676 1993 712 2049 nt
735 1990 806 2051 luce
830 1991 949 2051 clarius
971 1993 1066 2065 poeta
1089 1992 1141 2051 his
1165 1991 1312 2052 versibus
1334 1991 1472 2052 indicat:

247 2118 295 2164 vs.
321 2104 385 2163 394
743 2107 927 2164 ΙΣΜΗΝΗ

468 2227 526 2278 νῦν
548 2216 604 2298 γὰρ
628 2213 743 2279 asold
768 2215 905 2299 ὀρθοῦσι,
927 2218 1042 2296 πρόσθε
1066 2215 1093 2280 δ’
1121 2217 1265 2279 ὤλλυσαν.

246 2345 294 2390 ve.
320 2331 384 2390 964
727 2334 937 2392 ΟΙΔΙΠΟΥΣ

617 2452 701 2519 θεοῖς
724 2446 780 2528 γὰρ
804 2439 842 2525 ἦν
866 2448 943 2509 οὕτω
968 2447 1116 2525 φίλον...

245 2573 294 2618 vs
321 2560 405 2620 1565
764 2563 903 2621 ΧΟΡΟΣ

444 2677 561 2733 πολλῶν
584 2671 640 2754 γὰρ
664 2671 850 2754 ἆνοαλλαμᾶν
873 2675 1017 2753 πημάτων
1030 2710 1071 2718 -
1087 2707 1127 2716 -
1143 2706 1176 2725 υ
1190 2709 1232 2716 --

444 2786 614 2863 πάλιν-σφε
638 2786 752 2864 δαίμων
776 2786 890 2860 δίκαιος
914 2785 999 2860 uilior
1026 2783 1055 2858 ¹).

245 2898 417 2959 Utinam
441 2899 601 2960 multas
625 2901 794 2974 priores
818 2901 1097 2962 calamitates
1121 2900 1188 2961 dei
1211 2902 1353 2974 gratia
1376 2917 1474 2962 corn-

198 3017 368 3090 penset,
422 3015 493 3088 qui
545 3016 723 3076 iustitia
768 3017 987 3090 permotus
1036 3030 1143 3075 nunc
1190 3030 1280 3074 eum
1326 3030 1476 3075 rursus

199 3127 382 3188 attollit.

244 3240 304 3316 Qui
329 3247 443 3302 uersus
467 3242 605 3304 fortasse
630 3243 748 3303 melius
772 3244 831 3304 hac
855 3243 979 3304 ratione
1003 3244 1172 3317 leguntur:

421 3358 538 3415 πολλῶν
561 3352 617 3434 γὰρ
642 3346 681 3414 αὖ
705 3350 816 3433 τέρματ’
842 3351 880 3414 dv
903 3354 1047 3433 πημάτων
1070 3355 1250 3433 ἱκνούμενον

421 3466 511 3527 πάλιν
535 3483 591 3544 σφε
615 3468 731 3546 δαίμων
756 3467 871 3540 δίκαιος
894 3466 980 3541 αὔξον
1005 3463 1036 3540 ²).

242 3581 342 3642 Nam
384 3583 437 3659 is,
482 3583 551 3656 qui
586 3584 633 3643 ad
665 3583 897 3650 ¹diuturnae
933 3584 1063 3643 finem
1099 3583 1303 3643 miseriae
1338 3597 1474 3656 perro·

198 3695 331 3771 nerit,
356 3711 430 3757 suo
454 3697 546 3757 iure
574 3711 725 3756 rursus
749 3713 768 3757 a
792 3697 864 3757 deo
888 3696 1133 3758 attolletur.

243 3807 304 3868 Sed
322 3824 385 3869 non
406 3809 513 3869 solum
534 3810 577 3869 dii
601 3825 664 3869 non
688 3810 864 3884 neglegunt
885 3810 1053 3886 Oedipum,
1077 3823 1190 3869 verum
1213 3810 1312 3869 etiam
1337 3809 1477 3882 Oedipus

199 3921 275 3983 deos
299 3939 427 3999 semper
450 3924 542 3985 colit:
567 3939 696 3998 semper
720 3925 806 4000 dece,
831 3925 907 3998 quid
930 3924 992 3983 sibi
1016 3925 1199 3984 iaciendum
1219 3924 1317 3997 esset,
1340 3923 1475 3995 rogavit,

198 4051 327 4110 semper
369 4037 501 4098 deorum
544 4040 720 4099 exsecutus
759 4040 810 4098 est
846 4039 1010 4112 mandata,
1047 4053 1176 4112 semper
1212 4037 1273 4097 diis
1308 4051 1476 4097 summurn

198 4150 312 4210 tribuit
334 4153 499 4227 honorem,
523 4154 570 4213 ita
593 4154 630 4212 ut
653 4167 713 4212 suo
738 4153 807 4212 iure
832 4152 995 4213 declarare
1019 4152 1122 4225 possit
1145 4156 1203 4222 (vs.
1230 4151 1323 4221 aaut:

555 4265 617 4343 ἥκω
641 4263 697 4345 γὰρ
721 4264 797 4344 ἱερὸς
821 4264 945 4343 εὐσεβής
968 4285 997 4323 τε

201 4429 418 4438 -.--.

232 4541 251 4609 ¹)
269 4547 308 4592 Ita
326 4545 434 4593 coniecit
453 4547 589 4594 Bdcheler.

230 4620 252 4690 ²)
269 4624 423 4674 Coniectura
440 4627 488 4672 riri
506 4627 649 4676 doctissimi
668 4628 696 4678 R.
717 4627 744 4673 0.
763 4626 838 4676 Jebb.
