3536 5068
899 242 941 301 96

281 406 426 482 τύραννος
456 421 585 480 semper
615 407 654 465 de
681 405 864 465 Thebarum
888 405 1017 478 regibus
1041 404 1211 464 adhibetur
1234 401 1307 474 (vid.
1333 401 1408 462 Oed.
1433 401 1551 475 Tyran-

281 535 358 579 num
392 535 440 579 vs
473 521 546 594 1114,
582 520 654 594 199,
687 519 761 594 925,
794 519 869 594 939,
908 520 992 578 1043
1024 519 1296 591 Antigonamque)
1326 519 1368 590 et,
1401 515 1478 575 licet
1512 516 1553 574 de

280 633 404 692 Theseo
431 635 528 708 poeta
563 633 625 693 alio
658 636 770 693 utatur
805 633 970 707 vocabulo,
1007 632 1097 692 nulla
1131 645 1230 691 causa
1265 632 1385 702 1111111,
1423 644 1479 688 111
1513 629 1554 687 de

280 747 440 806 industria
473 762 548 806 eum
580 748 620 807 ad
651 748 733 807 iram
765 749 984 821 spectatorum
1016 746 1049 805 in
1082 745 1250 806 Thebanos
1277 743 1473 804 movendam
1497 741 1555 800 illo

282 859 452 920 Creontem
476 862 509 920 et
532 860 718 934 Polynicem
741 860 902 935 appellare
926 862 1106 920 credamus
1132 859 1300 918 Postremo
1325 873 1372 916 vs.
1400 857 1480 918 1911

547 965 589 1049 ἆρ’
617 971 673 1032 οὐκ
697 970 819 1049 ἄμεινον
843 969 862 1051 ἢ
887 971 924 1032 σὺ
948 969 1001 1032 τάν
1028 971 1142 1050 Θήβαις
1166 980 1286 1048 φρονῶ;

280 1087 359 1148 nihil
384 1086 471 1146 aliud
495 1086 656 1159 significat
679 1087 759 1148 nisi:

330 1214 483 1274 ,nonne
507 1200 663 1260 melius
683 1215 803 1273 quam
827 1209 887 1276 tu,
913 1200 1014 1274 quid
1038 1200 1193 1262 Thebis
1216 1197 1478 1272 impendeat,
1503 1197 1554 1255 vi·

282 1314 400 1374 deo?”
430 1314 524 1387 quale
549 1315 671 1375 dictum
696 1315 725 1374 ei
750 1316 863 1388 aptum
888 1317 948 1388 est,
974 1315 1028 1387 qui
1052 1315 1163 1387 minus
1191 1315 1277 1374 reete
1301 1326 1399 1385 quarn
1425 1310 1486 1384 ille,
1512 1311 1552 1369 ad

282 1443 377 1500 quem
402 1428 553 1502 loquitur,
579 1429 670 1488 dere
691 1429 830 1500 quadam
853 1429 994 1488 iudicare
1013 1443 1108 1501 posse
1129 1427 1222 1486 alteri
1244 1425 1400 1485 videatur.
1415 1423 1550 1496 Oedipus

282 1557 327 1616 se,
360 1542 411 1600 cui
442 1542 568 1601 nullum
602 1558 676 1601 cum
708 1542 826 1601 Thebis
860 1543 904 1602 sit
937 1542 1112 1614 vinculum,
1145 1540 1278 1600 deorum
1302 1539 1441 1598 oraculis
1464 1537 1548 1596 edoc-

194 1717 196 1722 ,
282 1657 364 1730 tum,
399 1654 472 1729 plus
508 1670 607 1727 quam
642 1656 730 1715 cives
763 1658 795 1715 et
827 1655 997 1716 Creontem
1025 1657 1132 1729 ipsum
1157 1654 1195 1713 de
1219 1653 1402 1712 Thebarum
1426 1651 1552 1711 fortuna

281 1769 363 1828 scire
398 1769 562 1842 gloriatur.
598 1770 711 1830 Partes
744 1770 819 1830 illae
855 1771 1026 1844 populares
1061 1786 1102 1828 ex
1136 1770 1225 1830 inani
1258 1771 1290 1829 11
1320 1768 1402 1828 11111
1426 1765 1554 1827 Schollii

281 1882 429 1955 opinione
453 1883 634 1943 duxerunt!
851 1879 853 1884 ’

328 1995 458 2056 Minoris
493 1998 652 2057 momenti
684 1999 744 2072 est,
774 1997 857 2070 quod
890 1997 1064 2056 Schdllium
1090 1996 1222 2056 offendit
1246 1995 1402 2069 Oedipum
1427 1995 1460 2053 in
1487 2009 1554 2068 pro·

283 2109 354 2182 logo
386 2125 516 2184 semper
548 2111 634 2171 idem
666 2126 789 2186 rogare,
825 2110 858 2170 11
890 2109 1083 2170 considendo
1107 2111 1218 2169 autem
1243 2109 1442 2179 imbecillum
1466 2107 1568 2183 fingi,

283 2224 340 2282 sed
365 2225 478 2296 postea
501 2239 668 2296 nunquam
693 2224 800 2297 inopia
824 2223 942 2283 virium
971 2223 1129 2297 impediri,
1155 2223 1328 2296 quominus
1352 2224 1411 2284 hoc
1435 2223 1556 2282 illudve

283 2337 398 2411 iaciat;
435 2353 473 2396 ea
507 2339 658 2411 nepotem
695 2337 860 2411 Sophoclis
895 2337 1056 2397 addidisse
1091 2338 1194 2412 putat,
1230 2338 1285 2409 qui
1319 2336 1455 2410 frigidus
1485 2337 1556 2396 erat

283 2452 387 2524 poeta,
412 2454 448 2510 ut
472 2451 641 2525 Oedipodis
664 2451 806 2524 inopiam
830 2451 863 2510 11
886 2450 1053 2511 miseriam
1077 2451 1242 2510 indicaret.

328 2565 486 2624 Attamen
521 2581 561 2624 ne
592 2565 648 2624 illa
679 2564 810 2637 quidem
840 2565 984 2624 interae
1007 2579 1149 2637 pugnare
1174 2565 1254 2624 mihi
1280 2565 1428 2624 videntur
1451 2579 1555 2636 neque

283 2678 363 2738 talia
398 2693 480 2753 esse,
517 2693 598 2751 quae
634 2678 780 2752 Sophocli
815 2678 1046 2738 abiudicemus.
1083 2677 1222 2751 Oedipus
1257 2693 1373 2738 caecus
1398 2680 1458 2752 est,
1489 2692 1554 2736 non

286 2793 382 2867 videt,
414 2807 476 2864 quo
507 2792 586 2866 locu,
611 2807 674 2865 qua
704 2792 833 2864 regione
867 2794 1029 2866 versetur;
1062 2793 1149 2850 reete
1172 2792 1271 2864 igitur
1295 2807 1391 2865 saepe
1414 2806 1491 2850 eum
1514 2791 1553 2849 de

284 2906 349 2965 illis
372 2907 540 2978 rogantem
563 2905 641 2965 11111
663 2909 768 2981 poeta,
792 2908 829 2965 ut
852 2906 954 2980 nobis,
975 2908 1171 2980 quantopere
1192 2921 1293 2964 senex
1313 2920 1429 2964 caecus
1449 2904 1554 2964 alieno

284 3019 405 3078 auxilio
427 3021 530 3093 egeat,
551 3019 675 3078 clarum
694 3018 768 3094 liat3
789 3035 892 3093 neque
909 3021 1020 3080 tamen
1032 3020 1119 3079 idem
1132 3035 1261 3094 semper
1273 3020 1374 3093 rogat,
1388 3019 1445 3078 sed
1458 3019 1553 3078 modo

284 3132 344 3192 hoo
375 3132 582 3217 modotillud.
608 3133 701 3192 Errat
724 3148 817 3206 porro
841 3133 1011 3208 Schbllius,
1035 3148 1110 3193 cum
1141 3133 1305 3193 contendit
1330 3132 1485 3204 Oedipum
1512 3147 1554 3190 ex

285 3246 501 3305 Eumenidum
525 3247 596 3307 luco
621 3247 839 3320 egredientem
871 3250 904 3308 et
926 3248 959 3307 in
983 3247 1087 3321 lapide
1109 3247 1328 3307 considentem
1355 3246 1393 3305 ob
1414 3245 1553 3305 imbecil-

285 3360 413 3420 litatem
448 3361 629 3434 Antigonae
664 3361 785 3421 auxilio
822 3377 931 3436 egere;
964 3377 1027 3422 non
1063 3361 1101 3421 ob
1136 3361 1395 3421 imbecillitatem
1430 3360 1486 3420 sed
1514 3359 1554 3419 ob

286 3473 477 3534 caecitatem
520 3489 539 3533 a
580 3472 646 3534 filia
687 3475 816 3534 iuvetur
857 3490 990 3535 necesse
1025 3477 1076 3534 est
1110 3476 1310 3547 eandemque
1344 3474 1384 3533 ob
1418 3489 1553 3534 oausam

286 3587 430 3660 queritur
453 3585 487 3644 ἴω
511 3585 564 3662 μοί
584 3608 634 3664 μοι
658 3591 717 3658 (11.
744 3589 827 3658 198).

331 3701 452 3761 Verum
475 3701 586 3792 omnia
609 3701 740 3762 Sohbllii
759 3717 950 3762 enumerare
971 3704 1163 3776 argumenta
1183 3706 1225 3778 et,
1251 3718 1334 3776 quae
1352 3703 1554 3764 falsaviden·

286 3817 349 3891 tur,
374 3816 564 3888 redarguere
588 3816 721 3889 longum
745 3819 806 3877 est.
830 3817 929 3877 Inane
953 3816 1184 3890 praeiudicium
1208 3817 1411 3877 documentis
1435 3833 1553 3890 magno

286 3929 407 3988 mentis
449 3930 598 3989 acumine
640 3931 830 4002 conquisitis
868 3932 925 3990 sed
959 3930 1170 3991 nihilominus
1204 3930 1296 3991 falsis
1331 3931 1553 3991 demonstrare

286 4045 422 4103 conatus
453 4059 524 4104 esse
557 4044 606 4103 vir
637 4044 750 4104 doctus
774 4044 855 4103 mihi
879 4045 1005 4104 videtur
1029 4047 1061 4103 et
1084 4046 1134 4120 iis,
1160 4060 1242 4118 quae
1265 4045 1343 4120 dixi,
1368 4046 1428 4106 hoo
1451 4061 1552 4105 unum

286 4156 433 4216 additum
458 4157 566 4217 velim.

332 4269 413 4329 Oum
443 4270 476 4329 in
510 4269 583 4330 aliis
613 4271 709 4330 rebus
732 4274 805 4330 tum
832 4272 865 4330 in
889 4271 948 4332 hoc
972 4286 1166 4345 magnopere
1189 4287 1243 4332 me
1267 4272 1370 4332 iudice
1394 4272 1554 4333 Schbllius

286 4385 416 4458 erravit,
448 4385 531 4456 quod
563 4386 718 4445 maiorem
744 4385 871 4445 tabulae
898 4387 1025 4459 partem
1049 4360 1196 4459 Sophocli
1219 4387 1381 4447 abiudioat
1404 4389 1436 4447 et
1461 4403 1480 4447 a
1503 4387 1553 4447 iri·

285 4496 358 4569 gido
382 4498 476 4570 poeta
499 4499 712 4570 compositam
737 4515 809 4558 esse
833 4499 1006 4558 contendit.
1032 4498 1175 4558 Ooncedo
1198 4499 1290 4572 plura
1310 4515 1407 4572 quam
1428 4501 1460 4559 in
1481 4500 1555 4560 aliis

285 4610 345 4670 hac
376 4610 409 4669 in
432 4609 541 4670 fabula
564 4611 681 4686 inesse,
705 4627 788 4684 quae
815 4612 935 4671 absone
958 4612 1024 4671 sint
1049 4613 1134 4672 dicta
1158 4613 1209 4672 vel
1232 4613 1376 4686 intellegi
1397 4628 1461 4672 non
1484 4628 1553 4686 pos·
