3536 5068
912 272 953 340 oo

298 459 481 522 possumus
514 442 718 521 Quamquam
749 443 778 502 si
808 457 882 502 cum
911 442 1037 517 superis
1060 443 1307 518 coniunguntur,
1333 444 1361 502 si
1384 444 1495 505 Iovem
1520 445 1572 507 vel

297 561 479 634 Apollinem
522 559 555 618 in
597 557 782 617 hominibus
816 556 987 630 puniendis
1021 556 1173 616 adiuvare
1209 556 1369 632 dicuntur,
1407 573 1471 618 non
1505 559 1572 618 iam

296 674 454 734 horrenda
473 673 529 732 illa
548 671 682 732 numina
699 670 905 730 tenebrarum
919 671 1226 745 commemorantur,
1241 685 1323 742 quae
1336 671 1405 730 suis
1418 672 1571 746 auspiciis

296 802 410 847 omnes
443 787 597 846 nocentes
631 785 881 858 persequentum
917 783 973 842 sad
1009 784 1048 843 de
1080 783 1223 855 antiquis
1254 784 1323 843 deis
1353 784 1420 844 iam
1451 785 1571 858 aliquid

295 901 488 974 detractum,
513 899 667 958 vocabulo
695 898 762 957 iam
785 912 870 956 nova
894 879 944 955 uis
968 897 1043 956 data
1067 898 1127 956 est.
1153 896 1239 956 Deae
1263 897 1384 957 interae
1408 913 1449 957 ex
1472 913 1569 972 regno

295 1014 442 1074 Plutonis
472 1013 505 1073 in
536 1013 643 1072 lucem
673 1011 817 1085 prolatae
849 1025 923 1070 cum
947 1009 1030 1070 lucis
1056 1010 1117 1070 diis
1146 1011 1350 1070 consociatae
1373 1012 1460 1087 sunt,
1486 1012 1568 1084 quod

295 1144 370 1189 cum
405 1127 528 1189 iactum
564 1127 624 1201 est,
656 1124 835 1199 periculum
867 1125 918 1183 est
946 1139 987 1183 ne
1022 1124 1101 1183 solis
1133 1124 1232 1183 radiis
1264 1125 1435 1185 ambustae
1467 1125 1568 1190 vitam

235 1310 237 1314 ,
295 1242 459 1316 amittant,
491 1256 531 1300 ne
557 1253 677 1298 nomen
701 1252 813 1298 earum
838 1237 987 1310 usurpari
1010 1237 1114 1311 possit
1137 1237 1177 1297 ad
1200 1253 1337 1311 poenam
1363 1239 1414 1298 vel
1438 1239 1567 1299 calami-

293 1357 397 1415 tatem
422 1353 666 1427 significandam
690 1353 761 1425 ipsa
780 1350 839 1410 dea
860 1352 1045 1424 contempta
1065 1351 1263 1424 neglectave.
1286 1353 1458 1426 Sophocles
1479 1355 1567 1413 enim

293 1469 431 1528 aliorum
467 1482 592 1540 quoque
628 1466 761 1525 deorum
796 1466 929 1524 nomina
963 1480 1026 1525 non
1061 1465 1101 1525 ad
1132 1467 1268 1526 numina
1299 1466 1478 1542 indicanda,
1510 1468 1567 1528 sed

292 1583 436 1657 ipsorum
470 1581 603 1641 deorum
635 1579 755 1638 oblitus
787 1579 827 1638 ad
861 1578 1009 1638 notiones
1044 1577 1272 1652 significandas
1304 1580 1444 1640 adhibet.
1475 1581 1567 1642 idem

293 1695 398 1756 Furiis
417 1693 550 1766 accidit;
575 1707 686 1753 earum
711 1706 837 1765 quoque
861 1692 992 1752 nomina
1016 1691 1205 1766 plerumque
1225 1708 1289 1753 non
1310 1694 1388 1754 deas
1409 1693 1563 1770 indicant,

292 1810 348 1869 sed
380 1824 435 1884 ea‚·
460 1823 542 1880 quae
572 1806 758 1866 hominibus
789 1806 980 1879 contingunt
1011 1821 1135 1878 quaeve
1162 1807 1312 1867 homines
1334 1808 1490 1868 sentiunt.
1515 1808 1566 1868 Ita

291 1923 324 1982 in
354 1921 462 1982 locum
495 1921 642 1981 vocabuli
669 1916 807 1998 „loreto”
832 1920 995 1980 interdum
1019 1919 1089 1980 sine
1114 1919 1359 1993 significationis
1383 1922 1564 1982 mutatione

291 2036 462 2097 succedere
494 2035 643 2095 videmus
674 2033 868 2094 vocabulum
900 2032 996 2112 βλάβη
1024 2034 1133 2106 itaque
1157 2049 1276 2095 nomen
1304 2031 1442 2112 „epacte”
1467 2050 1563 2109 saepe

290 2150 440 2224 coniungi
471 2149 621 2209 videmus
651 2162 726 2208 cum
754 2147 885 2207 nomine
909 2146 986 2224 δίκη,
1010 2148 1093 2220 quod
1118 2149 1201 2222 apud
1225 2147 1425 2222 Aeschylum
1450 2163 1562 2208 veram

290 2265 384 2324 deam
415 2263 556 2323 iudicare
587 2262 680 2337 solet,
712 2261 796 2335 apud
831 2260 1021 2334 Sophoclem
1053 2261 1272 2334 compluribus
1303 2261 1383 2322 locis
1417 2261 1562 2322 iustitiae

288 2378 387 2438 habet
409 2375 688 2450 significationem.
712 2374 889 2434 Videamus
911 2374 999 2434 locos
1022 2375 1083 2434 huc
1107 2373 1274 2434 iacientes,

333 2492 454 2551 Teucer
481 2489 582 2564 Ulyxi
608 2488 730 2562 gratias
754 2503 863 2563 agana,
889 2488 972 2560 quod
996 2489 1198 2547 mortuorum
1221 2487 1273 2546 ius
1296 2487 1453 2547 adversus
1476 2489 1558 2561 Aga·

288 2620 496 2665 memnonem
528 2603 687 2679 deiendat,
713 2605 749 2664 ut
779 2602 902 2662 Atridis
931 2616 988 2676 pro
1018 2601 1146 2661 meritis
1169 2601 1212 2660 dii
1239 2601 1379 2674 gratiam
1405 2601 1557 2677 referant,

287 2719 337 2778 his
361 2721 432 2778 orat
457 2717 604 2779 versibus
628 2717 689 2788 (Al.
717 2717 830 2787 1390):

508 2831 609 2911 τοιγάρ
633 2825 680 2908 σφ’
702 2825 854 2908 Ὀλύμπου
878 2823 958 2888 τοῦδ’
986 2825 1001 2888 ὁ
1026 2827 1196 2907 πρεσβεύων
1220 2823 1316 2905 πατὴρ

510 2944 635 3023 μνήμων
657 2938 678 3004 τ’
705 2942 803 3024 ἐρινύς
826 2939 877 3002 καὶ
900 2939 1073 3019 τελεσφόρος
1099 2939 1165 3017 δίνη

508 3057 620 3130 κακοὺς
643 3066 740 3129 κακῶς
764 3055 929 3136 φθείρειαν.

331 3177 363 3234 et
394 3172 513 3248 Hyllus
545 3174 695 3248 matrem,
727 3186 825 3244 quam
858 3171 1005 3231 consulto
1037 3168 1240 3229 mortiferum
1272 3167 1406 3242 pallium
1439 3169 1557 3229 marito

285 3302 344 3347 suo
368 3287 499 3347 misisse
522 3287 627 3362 putat,
650 3286 709 3348 sic.
722 3284 896 3357 alloquitur
920 3283 1042 3354 (Trach.
1069 3281 1161 3352 808l:

572 3406 705 3476 τοιαῦτα,
726 3406 824 3476 μῆτερ,
846 3393 934 3475 πατρὶ
957 3388 1130 3474 βονλεύσασ’
1158 3391 1217 3476 ἐμῷ

573 3511 623 3574 καὶ
647 3507 731 3594 δρῶσ)
758 3510 905 3590 ἐλήφθης,
928 3500 970 3570 ὧν
994 3525 1025 3567 σε
1048 3507 1186 3585 ποίνιμος
1211 3507 1279 3586 δίνη

572 3622 670 3688 νίσοντ’
697 3625 796 3707 ἐρινύς
818 3619 850 3684 τ’.

327 3743 391 3803 Ubi
421 3744 618 3804 adiectivum
648 3739 822 3819 τελεσφόρος
849 3740 942 3800 docet
965 3753 1029 3798 uon
1053 3734 1149 3812 Δίκην
1173 3749 1246 3795 esse
1270 3735 1473 3797 scribendum
1499 3737 1555 3798 sed

283 3854 370 3933 δίκην
390 3856 499 3929 nilque
519 3857 605 3917 aliud
626 3854 819 3917 vocabulum
842 3853 982 3913 indicare
994 3851 1057 3911 nisi
1069 3850 1213 3911 divinam
1226 3850 1405 3925 iustitiam3
1429 3866 1553 3928 verum,

281 3984 322 4029 ne
353 3969 426 4042 quis
458 3970 592 4045 dubitet,
624 3969 715 4045 aliua,
748 3968 803 4028 ubi
833 3968 919 4028 idem
950 3965 1097 4026 vocabuli
1129 3966 1180 4025 est
1209 3980 1299 4042 usus,
1328 3965 1415 4026 locos
1439 3967 1556 4027 addere

282 4083 363 4142 mihi
389 4083 495 4145 liceat.
992 4081 993 4084 ’

326 4198 363 4256 In
391 4197 549 4272 Oedipode
582 4196 717 4258 Ooloneo
748 4194 892 4269 Polynici
923 4193 1068 4254 monenti
1099 4192 1338 4253 misericordiae
1369 4208 1389 4252 a
1419 4193 1495 4253 Iove
1521 4193 1554 4252 in

280 4311 350 4386 ipso
373 4311 453 4371 solio
477 4326 536 4370 suo
559 4310 667 4372 locum
692 4324 765 4370 esse
788 4307 986 4381 permissum
1010 4310 1070 4377 (vs.
1098 4307 1210 4377 labii:

548 4417 605 4483 ἀλλ’
633 4420 768 4503 ἔστιγὰρ
791 4419 841 4483 καὶ
866 4419 942 4500 Ζηνὶ
966 4420 1121 4492 σύνθακος
1144 4419 1267 4499 θρόνων

547 4537 648 4615 αἰδώς,

278 4652 309 4712 id
334 4653 394 4728 est,
418 4651 447 4712 si
470 4651 556 4713 idem
585 4653 655 4713 sine
676 4652 817 4726 imagine
841 4650 967 4728 dicitur,
992 4647 1235 4728 misericordem
1259 4664 1296 4710 se
1318 4648 1430 4710 Iovem
1453 4647 1553 4710 homi·
